1664 3204
587 204 926 248 «un-313ww·

73 313 438 368 desummatur‚
474 330 564 374 pro
605 313 795 371 futuro,
828 321 1031 375 utraque
1045 314 1165 359 haec
1189 319 1449 377 praestatio

74 395 133 437 ab
171 392 343 437 actuali
379 392 732 454 procreationis
779 394 878 437 vini
928 395 1227 456 quantitate,
1286 397 1451 442 habita

71 473 217 518 etiam
243 472 433 518 soecum
464 473 653 516 ratione
673 472 905 533 exigatur,
931 473 1203 535 ‘taliterque
1236 477 1448 531 actualis,

70 559 119 597 et
145 553 283 598 realis
315 554 543 596 duntaxat
582 553 857 613 procreatio
896 569 987 614 pro
1047 557 1444 603 connumerativo

71 641 404 679 assummatur.

629 761 749 796 ΛΒΤ,
796 763 880 797 VII.

350 841 423 885 De
458 854 579 885 nona
614 854 641 884 a
669 839 815 898 fundo
851 841 1159 891 ι’ῃτνανίῖὶαηο.

195 938 330 979 Anno
366 947 501 983 1775.
537 935 614 980 die
642 946 682 982 5.
712 935 928 996 januarii
953 952 1064 986 nro.
1102 948 1209 984 155.
1256 938 1457 982 comita..

69 1017 139 1061 tui
173 1016 461 1061 szaladiensi
489 1016 650 1078 quoad
680 1015 956 1061 dominium
980 1016 1224 1061 Balatincz
1259 1017 1451 1061 intima-

69 1105 172 1141 tum
208 1105 276 1141 cst
299 1129 311 1151 ,
338 1097 467 1157 quod
500 1114 525 1140 a
551 1096 698 1141 fundo
732 1096 1072 1152 intravillano,
1124 1095 1175 1141 in
1212 1104 1457 1157 quantum¹

70 1177 451 1237 competentiam
487 1176 708 1221 sessionis
737 1176 1015 1220 colonicatis
1044 1184 1335 1236 superaret,
1366 1193 1451 1219 no-

66 1273 131 1301 na
158 1255 358 1301 indubie
379 1257 660 1317 praestanda
680 1256 740 1300 sit
762 1288 774 1310 ,
801 1273 896 1300 non
924 1272 1059 1300 secus
1085 1272 1111 1298 a
1133 1258 1282 1317 pratis
1302 1256 1451 1301 etiam

66 1337 119 1382 in
148 1339 309 1382 locum
337 1353 566 1399 agrorum
591 1337 864 1399 assignatis,
897 1336 1250 1381 reflectendum
1264 1343 1447 1390 tamen,

68 1435 127 1461 an
156 1417 316 1479 quoad
342 1416 713 1478 importantiam
736 1417 921 1462 fructus
938 1451 952 1474 ,
994 1424 1137 1479 prata
1155 1451 1170 1474 9
1217 1405 1466 1479 agrorunr·

66 1499 194 1542 vices
223 1498 340 1541 adae
348 1505 488 1559 quate
524 1500 794 1560 suppleant.

627 1624 747 1661 ART.
805 1624 914 1661 VIII.

60 1705 133 1749 De
167 1701 334 1746 decima
356 1698 401 1744 in
435 1700 650 1744 stramine
673 1701 746 1743 vel
765 1716 931 1761 gram,
957 1710 1039 1745 aut
1075 1702 1254 1761 optione
1288 1717 1448 1748 nonae.

189 1816 323 1859 Anno
358 1822 477 1861 1780
504 1812 584 1856 die
621 1822 694 1861 18.
726 1811 962 1857 februarii
1009 1829 1118 1862 nro.
1163 1818 1271 1862 676.
1314 1830 1442 1857 reso-

64 1897 223 1940 lutum
256 1902 357 1951 est,
392 1901 445 1938 ut
479 1895 561 1939 ubi
597 1895 785 1938 decima
826 1893 931 1953 jure
968 1896 1206 1940 dominati
1263 1895 1448 1956 partim

0 2034 2 2043 ,
56 1979 110 2022 in
140 1977 387 2031 stramine,
420 1975 603 2037 partim
626 1975 677 2018 in
691 1992 842 2036 grano
860 1975 1277 2030 desummebatur,
1315 1975 1438 2020 inihi

0 2059 2 2102 ἶ
63 2054 335 2100 volentibus
359 2055 567 2099 dominis
586 2056 898 2100 terrestribus
915 2072 1024 2099 usus
1045 2056 1132 2099 iste
1156 2057 1286 2100 ultro
1303 2055 1449 2100 etiam

0 2153 3 2157 ’
62 2135 226 2179 locum
258 2136 499 2190 obtineat,
538 2135 709 2196 quodsi
745 2151 862 2179 vero
900 2136 1117 2179 dominia
1141 2137 1202 2180 arl
1236 2142 1447 2199 praesta.

2 2257 3 2272 ἶ
65 2219 253 2262 tionem
278 2215 549 2261 istiusmodi
581 2217 892 2277 praehabitae
921 2216 1141 2260 decimae
1173 2217 1444 2262 consentire

0 2300 4 2357 ᾗ,
65 2300 277 2353 nollent,
323 2314 525 2342 nonae
572 2297 944 2359 praestatio
1000 2298 1187 2358 optioni
1236 2296 1450 2343 subdito-

0 2382 4 2401 ’”
66 2396 181 2424 rum
213 2379 498 2433 deseratur,
545 2394 600 2422 ea
638 2385 800 2422 tamen
848 2394 955 2421 cum
1000 2378 1358 2434 observatione,
1396 2383 1450 2420 ut

3 2461 5 2475 “
65 2459 298 2503 dominiis
333 2460 393 2503 ad
438 2458 813 2519 praestationem
849 2456 1066 2501 decimae
1105 2456 1446 2502 consentienti-

4 2552 5 2562 ¹
64 2537 172 2593 bus,
196 2538 300 2601 agri
332 2539 381 2581 in
400 2538 775 2599 adjustationem
788 2545 1041 2598 pratorum
1064 2538 1246 2584 emensi
1272 2539 1329 2582 ah
1358 2538 1449 2582 hoc

67 2633 216 2663 onere
244 2617 377 2678 juxta
404 2618 682 2679 generalem
710 2620 932 2681 regulam
965 2620 1061 2664 sint
1087 2621 1342 2665 immunes.

192 2698 323 2741 Anno
357 2708 478 2746 1730
510 2699 588 2744 die
620 2711 691 2746 17.
727 2700 891 2744 martii
914 2717 1020 2744 nro.
1049 2712 1185 2756 1229.
1201 2701 1350 2745 relate
1383 2698 1445 2742 ad

65 2778 390 2841 querimonias
427 2781 775 2828 nonnullorum
810 2781 1118 2829 subditorum
1148 2782 1200 2828 in
1237 2796 1295 2825 eo
1317 2779 1446 2841 posi-
