1664 3204
653 223 968 277 «0267000.

114 347 199 377 nes
229 321 484 380 occasione
515 326 852 392 invagiationis
891 330 1109 394 illegales
1151 348 1241 394 per
1279 333 1502 384 dominos

112 419 367 462 terrestres
399 429 425 456 a
465 410 647 457 colonis
692 412 961 475 exigantur.
1032 411 1347 458 Circulariter
1381 417 1503 464 item

109 494 283 540 eodem
331 513 454 544 anno
504 506 582 543 31.
614 490 735 541 Μίὶὶι
767 508 872 539 nro,
910 500 1050 541 5128.
1103 492 1364 537 comitatus
1402 513 1503 540 mo-

107 575 199 619 niti
226 584 360 633 sunt,
416 582 470 620 ut
514 570 787 619 excessibus
826 570 1142 618 dominorum
1186 577 1498 624 terrestrium

109 653 205 700 hoc
234 656 288 700 in
317 655 504 718 objecto
533 651 801 714 invigilent.

232 736 430 782 Urbarii
449 752 495 795 p.
525 743 572 783 8.
599 738 640 783 ὖ.
672 743 711 777 1.
733 741 782 780 2.
809 732 1128 794 praecipitur,
1166 738 1326 796 quoad
1367 738 1496 786 inva-

96 813 366 875 giationem
398 828 637 875 pecorum
665 812 843 855 damna
862 810 916 854 in
937 811 1064 873 agris
1091 819 1392 863 causantium
1429 822 1494 866 le-

100 893 178 955 gis
230 892 498 954 provisioni
548 892 870 937 insistendum
927 907 1028 937 esse
1048 926 1062 948 ,
1120 909 1278 955 neque
1313 901 1494 946 mulcta

97 982 364 1036 propterea
412 973 699 1036 pecuniaria
748 972 931 1018 colonis
974 973 1215 1031 dictetur,
1289 977 1380 1023 nisi
1432 981 1487 1026 in

91 1056 371 1117 praesentia
404 1054 674 1099 testimonii
702 1053 1031 1098 comitatensis
1049 1086 1063 1109 ‚
1100 1055 1227 1101 salva
1251 1059 1311 1103 ad
1335 1062 1485 1106 sedri-

95 1149 174 1178 am
201 1135 459 1195 appellata,
486 1135 610 1178 Part.
640 1133 727 1182 III.
752 1132 824 1183 tit,
856 1144 932 1181 55.

215 1216 380 1261 ΡιρΙιιῐο
409 1215 471 1259 ad
495 1230 752 1278 processus
781 1215 1173 1277 invagiationum
1202 1224 1251 1264 et
1277 1221 1484 1267 abactio.

87 1311 209 1340 num
235 1302 343 1340 sunt
382 1302 476 1346 art.
501 1301 578 1351 94·
609 1307 750 1346 1715.
789 1301 837 1339 et
859 1302 939 1344 42.
974 1307 1112 1353 1729.

624 1412 745 1448 ΛΒΤ.
804 1411 919 1447 VIII.

296 1492 369 1536 De
406 1490 567 1536 ovibus
606 1490 775 1537 colonis
808 1494 987 1538 servari
1023 1493 1248 1540 admissis.

206 1585 264 1631 In
304 1585 422 1630 locis
443 1619 456 1642 ‚
492 1586 577 1632 ubi
599 1601 835 1648 pascuum
858 1586 1103 1632 sufficiens
1132 1596 1222 1645 est,
1260 1595 1357 1634 tam
1382 1604 1473 1652 pro

76 1665 289 1711 cornutis
329 1665 589 1728 pecoribus
623 1682 768 1727 quam
806 1665 955 1711 etiam
982 1666 1179 1723 ovibus,
1231 1671 1414 1716 subditi
1449 1691 1475 1719 a

75 1745 324 1792 servandis
352 1746 517 1792 ovibus
546 1745 705 1790 arceri
734 1763 835 1790 non
868 1755 1088 1807 possunt.
1149 1749 1292 1802 lustr,
1331 1767 1470 1815 exeq-

71 1843 203 1889 mag,
241 1842 349 1888 cap,
380 1826 437 1870 V.
480 1832 521 1877 ᾗ,
554 1836 635 1874 22.
674 1831 817 1887 atque
849 1826 968 1871 adeo
1008 1826 1066 1870 ab
1098 1842 1156 1872 eo
1183 1860 1196 1883 ,
1249 1832 1379 1892 quod
1409 1832 1463 1876 in

71 1904 297 1952 melioris
339 1906 612 1951 eorundem
672 1905 1010 1951 subsistentiae
1063 1906 1354 1954 alleviamen
1407 1911 1466 1955 de

69 1985 198 2048 justo
223 1992 273 2030 et
297 2001 454 2048 aequo
481 1999 686 2047 vergere
714 1992 897 2046 posset,
933 2002 1124 2050 quaqua
1149 1987 1334 2033 ratione
1367 1988 1466 2037 non

65 2066 408 2129 impediantur.
490 2065 720 2110 Dominis
746 2066 1060 2112 terrestribus
1089 2067 1339 2129 integrum
1366 2087 1464 2115 non

62 2162 196 2203 esse,
231 2153 284 2191 ut
335 2152 416 2191 aut
449 2145 664 2191 subditos
695 2161 722 2190 a
768 2145 1011 2191 servandis
1049 2146 1212 2191 ovium
1253 2149 1460 2212 tuguriis

60 2226 342 2284 inhibeant,
379 2232 461 2270 aut
482 2241 599 2271 vero
628 2226 824 2271 eosdem
852 2227 911 2272 ad
935 2244 1044 2272 oves
1071 2227 1124 2271 in
1148 2228 1341 2289 tuguria
1378 2229 1459 2274 do-

58 2305 266 2350 minalia
299 2305 611 2368 depellendas
640 2306 969 2368 adstringant,
1005 2321 1179 2350 verum
1221 2308 1458 2355 contribu-

61 2385 254 2430 ontibus
282 2385 496 2431 liberum
520 2404 648 2444 esse,
687 2403 798 2432 oves
833 2402 936 2431 suas
966 2402 1049 2431 seu
1073 2387 1234 2444 domi,
1262 2388 1360 2434 sive
1389 2389 1456 2434 so-

56 2463 124 2509 ris
158 2464 209 2510 in
240 2466 454 2528 propriis
496 2467 706 2529 tuguriis
744 2483 968 2524 servare3
1016 2467 1077 2511 ad
1119 2469 1453 2529 praecavenda

55 2544 374 2592 nihilominus
421 2548 600 2592 damna
650 2565 740 2610 per
794 2547 1183 2609 frequentiorem
1229 2549 1450 2612 saepium

59 2626 380 2672 mutationem
429 2627 480 2673 in
519 2627 657 2690 sylvis
707 2629 945 2674 causanda
990 2627 1042 2672 id
1092 2628 1446 2675 observandum

50 2706 245 2763 venire,
301 2715 355 2752 ut
398 2725 489 2768 pro
532 2709 820 2756 necessitate
867 2707 1210 2773 tuguriorum,
1253 2710 1445 2772 cingen-

1000 2789 1097 2835 Ea
