1664 3204
630 171 972 212 ....,07„..

224 272 267 312 8.
304 264 355 307 ln
383 264 687 325 processibus
722 263 1050 310 urbarialibus
1080 264 1251 326 oppidi
1293 263 1492 324 Enyicz-

97 346 156 388 ke
183 359 271 386 nec
287 360 386 388 non
408 345 772 406 possessionum
799 344 973 398 Litka‚
1010 353 1057 389 et
1078 345 1293 406 Hapolna
1313 344 1491 389 -Bolse
1533 343 1535 345 ¹

93 423 259 484 quoad
283 425 640 486 regulationem
665 424 1143 486 appertinentiarum
1172 426 1494 471 urbarialium

92 523 182 567 per
238 506 595 568 suscipiendam
648 506 999 568 geometricam
1065 506 1425 550 dimensionem
1450 512 1497 549 et

92 586 280 630 terreni
320 584 782 630 commassationem
817 586 1198 646 procurandam,
1235 584 1492 640 suscitatis,

94 682 152 709 ex
179 673 314 727 parte
356 663 555 710 Consilii
589 662 717 724 regii
753 663 954 708 locumt.
983 665 1072 708 sub
1108 674 1152 713 8.
1189 664 1307 710 sehr.
1349 674 1491 713 1803.

90 755 236 801 2879.
266 745 383 789 item
423 744 510 788 sub
542 753 584 791 8.
625 750 766 788 mart.
798 752 938 791 1805.
985 759 1075 788 nro
1106 750 1247 794 5236.
1297 746 1492 789 comita-

91 825 163 869 tui
199 822 566 885 Abaujvariensi
625 840 680 868 ea
717 823 829 867 data
867 830 937 867 est
973 822 1211 880 inviatio3
1267 831 1320 869 ut
1361 831 1492 868 ante-

92 921 238 966 quam
279 903 625 949 commassatio
672 903 893 948 universi
935 903 1123 950 terreni
1175 904 1485 966 suscipiatur,

89 1004 182 1049 per
226 984 594 1031 comitatensem
643 992 951 1047 geometram
1006 992 1266 1047 praesente
1322 982 1487 1045 judice

88 1066 351 1118 nobilium,
389 1065 654 1127 jurassore,
691 1071 739 1108 et
763 1065 878 1110 fisco
906 1064 1265 1127 magistratuali
1299 1065 1490 1108 colono-

93 1164 206 1192 rum
232 1153 397 1191 tenuta
425 1144 722 1207 geometrice
749 1152 797 1188 et
821 1145 872 1190 in
898 1144 1169 1207 quantitate
1190 1178 1203 1200 ,
1239 1151 1287 1187 et
1311 1143 1358 1187 in
1380 1162 1490 1205 qua-

90 1227 222 1272 litate
257 1234 595 1281 assumantur,
631 1233 677 1270 et
710 1226 986 1270 authentice
1013 1232 1339 1270 connotentur
1366 1258 1379 1280 ,
1427 1241 1488 1269 ne

90 1323 179 1367 per
207 1307 497 1366 subsequam
529 1305 951 1359 comassationem‚
988 1304 1174 1366 aliquid
1211 1321 1267 1348 ex
1308 1304 1487 1349 tenutis

90 1387 338 1447 objectum
368 1383 739 1429 contributionis
766 1383 1054 1430 facientibus
1094 1384 1294 1445 decerpi
1335 1392 1382 1427 et
1406 1385 1485 1427 ad·-

92 1467 182 1512 imi
212 1466 390 1528 possit3
428 1464 554 1509 sacta
592 1481 711 1509 vero
756 1464 1137 1520 comassatione,
1176 1473 1223 1509 et
1260 1483 1382 1510 nova
1415 1481 1493 1509 ur-

88 1546 262 1590 bariali
289 1545 596 1608 regulatione
624 1543 844 1589 instituta
869 1562 925 1590 eo
960 1547 1271 1600 advertatur,
1316 1561 1377 1589 ne
1413 1561 1489 1587 re-

90 1627 370 1672 manentiae
407 1643 497 1688 per
535 1625 809 1670 dominium
843 1627 1124 1671 tei-restrale
1151 1626 1201 1670 in
1237 1624 1490 1669 allodiales

95 1714 175 1749 aut
199 1707 413 1767 privatos
445 1724 557 1750 usus
601 1713 984 1761 convertantur,
1030 1706 1116 1750 sed
1157 1704 1408 1766 dispositio
1443 1705 1490 1748 hv

93 1785 282 1831 urbarii
321 1792 485 1830 exacte
509 1786 809 1831 observetur-

229 1865 425 1920 9.Circa
463 1882 638 1910 novam
662 1866 894 1910 tabellam
929 1863 1223 1908 urbarialem
1239 1863 1492 1923 possessio-

95 1945 167 1990 nis
222 1945 485 2006 Rcbogany
525 1974 543 1981 -
573 1947 733 1989 Lazur
801 1944 1053 1989 comitatui
1112 1942 1264 1987 Bihar
1327 1941 1489 2004 ingre-

93 2024 273 2067 miatae
299 2025 386 2068 sub
415 2036 452 2071 1.
479 2025 592 2069 mai.
625 2030 763 2073 1804.
790 2041 880 2069 nro
922 2035 1063 2081 9119.
1089 2023 1249 2068 eidem
1288 2023 1485 2067 comita-

95 2105 166 2148 tui
195 2103 476 2150 intimatum
505 2105 723 2150 estinter
756 2105 972 2166 reliqua,
1011 2121 1122 2149 cum
1160 2104 1211 2148 in
1247 2103 1484 2148 relatione

93 2183 415 2229 exmissorum
436 2201 526 2245 pro
558 2184 926 2247 investigatione
947 2184 1392 2247 magistratualium
1418 2202 1488 2230 as-

92 2271 308 2318 seratur,
346 2265 476 2324 quod
511 2265 782 2310 dominium
822 2264 943 2309 sorti
981 2265 1267 2309 colonorum
1306 2282 1361 2309 ex
1392 2273 1486 2309 ter-

94 2343 161 2388 ris
199 2344 293 2388 suis
326 2345 759 2391 remanentialibus
810 2344 1026 2391 effective
1060 2345 1396 2408 prospexerit,
1433 2345 1485 2389 in

94 2426 274 2471 tabella
307 2432 469 2469 autem
495 2426 760 2483 urbariali,
797 2425 1056 2487 eidemque
1100 2428 1376 2471 subinserta
1411 2441 1487 2468 re-

92 2506 270 2549 latione
311 2507 629 2551 executionali
671 2507 804 2551 nulla
856 2505 1120 2550 fundorum
1165 2504 1486 2551 remanentia-

93 2584 213 2629 lium
249 2586 436 2629 mentio
465 2586 732 2647 injiciatur,
768 2585 1025 2648 taliterque
1064 2594 1357 2648 exequentes
1387 2602 1484 2629 ma-

95 2665 414 2726 gistratuales,
442 2666 726 2729 obligationi
754 2683 885 2723 suae,
923 2667 1174 2712 tenoribus
1207 2667 1482 2712 instructio-

95 2743 170 2788 nis
199 2744 441 2807 signanter
465 2762 570 2807 cap,
601 2748 654 2792 V,
676 2763 730 2808 p.
770 2758 841 2805 19.
880 2747 1210 2810 praescriptae
1235 2748 1394 2795 minus
1418 2764 1484 2792 sa-
