1664 3204
599 192 670 203 w..
734 168 810 212 163
867 192 937 203 m

494 289 854 352 CAPUT
906 288 977 349 II.

74 417 169 477 De
209 415 654 495 participatione
692 415 924 488 jurium·
957 413 1320 474 dominalium
1372 433 1465 473 co-

326 508 472 567 lonis
518 507 876 565 urbarialiter
918 524 1209 565 concessa.

581 678 841 723 SECTIO
901 681 935 724 I.

75 796 163 840 De
214 792 473 853 juribus
517 789 960 836 dominalihus
1005 800 1301 853 respectu
1345 793 1472 840 fun-

174 874 394 918 dorum
442 868 582 931 jure
623 869 907 914 dominii
942 887 1368 933 possesorum.

680 979 801 1014 ΛΚΤ.
827 979 859 1013 I.

74 1057 147 1102 De
178 1057 432 1119 principie,
468 1067 511 1101 et
545 1056 764 1101 resultato
809 1056 1098 1117 proprietatis
1145 1056 1382 1103 domitialis
1416 1074 1470 1103 ex

473 1122 694 1167 urbariali
731 1123 855 1166 visus
885 1133 1071 1183 puncto,

208 1230 490 1275 Dominalia
520 1231 628 1292 jura
642 1239 865 1292 respectu
887 1230 1154 1276 fundorum
1178 1231 1288 1292 jure
1322 1229 1472 1272 domi-

77 1310 147 1356 nii
176 1327 510 1373 possessorum
528 1313 579 1356 in
607 1312 739 1367 locis,
775 1312 858 1356 ubi
889 1312 1045 1357 libera
1077 1309 1260 1374 emptio
1285 1316 1331 1353 et
1355 1326 1469 1355 ven-

77 1390 197 1436 ditio
223 1408 315 1435 usu
359 1391 590 1435 roborata
641 1392 803 1434 locum
845 1408 943 1434 non
976 1392 1150 1446 habet,
1187 1396 1470 1450 exposcunt,

79 1477 133 1514 ut
161 1477 352 1515 tantum
379 1469 805 1531 superaedificata,
841 1477 889 1514 et
916 1487 1010 1514 non
1041 1470 1142 1531 ipse
1190 1470 1366 1515 fundus
1405 1472 1474 1514 in-

78 1557 316 1594 oneretur
336 1582 350 1605 ,
405 1548 582 1594 fundus
627 1550 827 1610 quidem
883 1565 994 1593 cum
1053 1550 1472 1610 superaedificatis

75 1629 125 1674 in
161 1630 312 1675 alium
341 1637 580 1674 convento
605 1629 764 1690 pretio
788 1662 800 1684 ,
840 1630 1102 1674 accedente
1125 1629 1336 1674 dominii
1365 1647 1473 1675 con-

78 1727 223 1754 sensu
262 1712 338 1756 vel
362 1726 472 1754 cum
501 1709 723 1770 ejusdem
748 1709 870 1753 scitu
896 1710 1149 1754 transferri
1177 1709 1355 1771 possit,
1392 1711 1474 1754 sed

78 1806 135 1835 ea
175 1806 368 1851 semper
394 1805 504 1832 cum
530 1788 893 1850 praecautione,
930 1795 982 1832 ut
1018 1789 1058 1832 si
1086 1789 1473 1835 abaestimationi

81 1869 181 1921 (vel
214 1867 612 1917 revindicationi)
647 1869 776 1913 locus
811 1874 961 1923 esset,
1008 1884 1092 1912 seu
1125 1866 1285 1928 ipsum
1322 1869 1475 1913 domi-

79 1948 217 1993 nium
258 1948 308 1992 in
345 1964 487 1992 sensu
514 1948 634 2009 legis
660 1947 908 1992 nonnullis
945 1954 1111 2008 egeret
1138 1945 1316 2003 fundis,
1338 1948 1470 1993 idem

81 2035 271 2072 tantum
305 2027 711 2089 superaedificata
750 2027 885 2088 juxta
922 2027 1207 2089 condignam
1257 2028 1475 2072 aestima-

81 2107 297 2162 tionem,
334 2123 433 2150 non
460 2122 576 2150 vero
600 2106 759 2167 ipsam
794 2105 1095 2150 fassionalem
1132 2122 1374 2149 summam
1402 2123 1474 2150 ex-

83 2186 269 2232 solvere
294 2184 566 2247 obligetur3
598 2186 711 2231 hinc
741 2186 1047 2231 venditiones
1072 2193 1144 2237 (et
1173 2186 1478 2230 abalienatio-

86 2275 196 2317 nes)
231 2282 353 2328 quae
385 2266 511 2310 salvo
547 2265 656 2325 jure
694 2266 928 2311 dominali
959 2267 1327 2321 interveniunt,
1374 2264 1481 2310 sub-

89 2355 367 2393 sternuntur
406 2346 720 2391 ratificationi
753 2347 1018 2403 dommuli,
1057 2346 1335 2391 dominium
1365 2363 1482 2390 non-

85 2426 181 2471 nisi
232 2425 363 2470 saluo
400 2425 489 2469 hoc
521 2427 875 2488 redemptionis
930 2428 1038 2489 jure
1079 2443 1227 2472 sensu
1280 2428 1348 2473 tit.
1401 2439 1481 2478 30.

87 2512 213 2568 part.
247 2518 289 2554 5.
332 2505 673 2567 dispositione,
733 2506 1037 2568 emptionem
1081 2508 1288 2569 probare
1329 2508 1471 2563 solet,

88 2602 185 2630 una
218 2585 473 2630 advertere
508 2586 779 2641 consvevit,
828 2603 888 2630 ne
920 2586 1251 2632 translationes
1280 2587 1329 2633 in
1360 2589 1477 2633 tales

88 2667 237 2722 fiant,
276 2665 358 2728 qui
386 2666 471 2711 sub
493 2673 747 2729 praetextu
780 2667 1044 2728 personalis
1076 2684 1186 2712 suae
1231 2685 1483 2731 praeroga-

89 2745 214 2791 tivae
240 2747 443 2793 subinde
473 2746 625 2809 ipsam
661 2746 805 2793 etiam
837 2747 972 2793 fundi
1006 2748 1369 2794 immunitatem
1407 2749 1477 2809 pi·

1128 2828 1217 2873 L2
