1664 3204
602 194 667 204 ...-
725 177 803 221 241
866 192 935 204 m

668 274 786 309 ART.
812 277 892 311 HI.
946 310 954 316 κ

78 351 150 396 De
165 358 468 396 tractamento
491 351 635 397 coloni
656 357 928 413 possessorio
944 354 1001 401 ad
1015 356 1126 403 duos
1150 358 1348 406 dominos
1366 369 1453 406 tet-0

461 427 619 462 restres
652 431 877 480 spectante
899 424 1090 484 provisi.

211 542 331 585 Casu
351 557 466 586 vero
490 542 539 586 in
571 558 655 597 eo,
692 543 729 586 si
760 559 803 588 e.
847 564 890 608 g.
927 563 1062 608 agros
1109 554 1156 591 et
1191 553 1328 608 prata
1365 564 1454 592 ses-

86 622 283 666 sionaiia
314 622 507 666 colonus
538 621 681 665 habet
708 622 759 666 in
784 623 936 668 fundo
960 625 1103 682 Petri,
1136 627 1340 672 domum
1370 645 1447 673 au-

13 697 15 711 '
80 710 179 747 tem
211 703 388 747 incolat
413 703 462 746 in
501 702 648 746 fundo
695 703 826 746 Pauli
848 735 862 758 ,
897 704 1009 749 huic
1057 723 1200 752 censu
1247 709 1454 764 domali‚

79 788 124 826 et
149 782 467 843 praestatione
509 791 578 830 18.
612 781 803 826 dierum
835 786 1070 830 manualis
1103 787 1350 845 robustae,
1380 787 1453 832 illi

79 877 192 905 vero
218 860 357 906 datiis
394 869 439 906 et
471 861 780 908 servitutibus
809 865 1140 913 colonicalibus
1187 869 1452 920 tenebitun

14 994 15 1008 χ
81 943 215 988 Instr.
244 959 373 1004 exeq.
401 959 524 1005 mag.
560 944 675 988 ibid.

575 1076 860 1121 SECTIO
895 1078 953 1125 Π.

392 1198 474 1241 De
511 1214 704 1243 censu
740 1198 1114 1244 cellariali.

209 1308 331 1351 Cum
369 1323 564 1363 census,
600 1313 680 1350 aut
705 1314 808 1352 taxa
841 1325 866 1353 a
896 1308 1100 1353 cellariis
1149 1307 1344 1352 vinariis
1378 1324 1454 1352 re-

13 1384 14 1392 ’
79 1386 173 1430 late
205 1388 264 1430 ad
298 1387 507 1431 subditos
546 1403 703 1449 neque
739 1388 788 1432 in
816 1388 1047 1443 urbano,
1082 1404 1235 1449 neque
1267 1389 1316 1432 in
1341 1389 1453 1451 legi-

10 1478 12 1522 ζ
79 1465 165 1509 hus
193 1463 450 1521 fundetur,
487 1474 593 1510 taxa
618 1484 761 1522 vero,
798 1483 877 1511 seu
903 1483 1067 1511 census
1115 1469 1196 1512 ille
1218 1500 1230 1519 ‚
1266 1467 1344 1528 qui
1389 1467 1453 1510 vi-

79 1560 194 1605 gore
219 1544 549 1590 instructionis
568 1563 699 1608 exeq.
724 1562 847 1608 mag.
872 1563 899 1590 a
922 1546 1171 1606 lupuletis‚
1206 1545 1456 1608 pomariis,

82 1633 127 1668 et
167 1625 383 1685 prunetis
427 1626 664 1670 desummi
707 1626 1008 1683 admittitur,
1046 1626 1101 1671 ad
1140 1625 1333 1671 cellaria
1362 1641 1450 1685 pro

84 1707 284 1751 arbitrio
334 1705 524 1750 extendi
568 1714 802 1767 nequeat,
847 1723 903 1750 ex
947 1723 1004 1750 eo
1040 1708 1339 1751 introductus
1374 1704 1452 1748 hic

86 1787 254 1829 abusus
281 1793 380 1830 tam
402 1786 453 1830 in
484 1785 600 1830 locis
628 1785 936 1830 Banhorvath
962 1818 975 1841 ,
1008 1785 1143 1829 Botta
1161 1818 1174 1841 ,
1217 1786 1453 1843 Uppony,

83 1866 271 1910 Mercse
296 1872 341 1909 et
373 1864 571 1926 Rirzssyd
598 1864 648 1910 in
689 1865 918 1908 comitatu
949 1863 1163 1919 Borsod,
1223 1877 1367 1922 quam
1406 1867 1455 1905 et

83 1947 283 2008 reliquis
306 1946 390 1990 uhi
423 1945 462 1989 is
496 1945 651 1990 adhuc
681 1946 878 2007 vigeret,
915 1944 973 1988 de
1001 1944 1204 2005 positivo
1234 1939 1365 1999 jussu
1384 1956 1458 1985 re-

85 2024 163 2089 gio
192 2025 446 2070 sufferatur
472 2055 485 2079 ,
520 2023 782 2084 eademque
832 2021 1045 2066 dominia
1097 2021 1157 2065 ad
1193 2021 1450 2066 restitutio-

86 2120 201 2149 nem
251 2104 463 2149 indebite
508 2104 873 2164 desumptarum
910 2102 1190 2163 hujusmodi
1234 2109 1453 2146 taxarum

87 2202 182 2230 una
207 2200 316 2228 curn
336 2182 637 2227 interusuriis
658 2200 682 2226 a
706 2189 924 2242 tempore
950 2189 1147 2243 coeptae
1170 2182 1352 2227 idmodi
1381 2182 1457 2226 de-

85 2263 363 2325 sumptionis
389 2264 712 2323 computando
740 2262 1093 2323 adstringantur
1115 2279 1128 2320 3
1163 2263 1273 2308 ddo.
1300 2273 1341 2310 5.
1361 2267 1450 2307 oct.

95 2351 229 2394 1786.
254 2362 359 2393 nm.
380 2345 575 2389 locumt.
611 2348 784 2400 42976.

219 2429 349 2489 Quae
374 2426 421 2471 b.
446 2424 673 2469 resolutio
697 2423 830 2485 regia
857 2438 971 2486 erga
994 2424 1452 2485 repraesentationes

92 2506 434 2551 nonnullorum
460 2504 775 2549 comitatuum
799 2520 921 2547 anno
958 2512 1092 2551 1787.
1124 2519 1228 2546 nro.
1261 2503 1453 2547 locumt.

94 2597 236 2636 8083.
262 2587 313 2630 in
344 2602 453 2630 eum
483 2601 672 2629 sensum
699 2584 870 2628 iterata
905 2590 974 2627 est
996 2615 1009 2638 ,
1057 2581 1280 2627 dominiis
1307 2588 1455 2626 terre-

94 2666 314 2710 stralibus
342 2682 367 2709 a
392 2663 589 2709 subditis
626 2672 782 2708 taxam
818 2649 1123 2707 cellariorum
1168 2663 1216 2706 in
1245 2677 1452 2723 quocun-

4 2754 7 2779 *ῑ
46 2803 53 2814 t
97 2762 188 2808 que
221 2746 419 2790 demum
461 2745 565 2788 loco
615 2743 779 2788 eadem
833 2743 978 2787 etiam
1022 2740 1457 2796 constituerentur,

1165 2823 1205 2882 Q
