1664 3204
595 130 909 186 *95⁶⁸*

75 237 334 286 sinuaturis
373 251 491 299 erga
529 244 857 299 competentes
894 235 1280 298 proportionatas
1311 234 1448 281 urba-

70 322 213 366 riales
252 318 598 380 praestationes
635 318 952 380 assignentur.
1021 314 1308 374 Huiusmodi
1340 332 1454 361 vero

66 400 236 455 fundi,
272 399 311 442 si
354 395 451 442 sors
492 398 647 442 coloni
685 398 988 452 deficerent,
1012 395 1185 458 quihus
1216 395 1457 457 assignen-

67 486 176 534 tur,
211 479 263 522 in
296 479 473 522 tabella
505 477 827 522 nihilominus
861 475 1231 537 conscriptionis
1270 492 1458 520 accura-

62 565 109 602 te
147 565 502 612 connotentur,
537 557 800 618 regiasque
848 556 1209 600 commissarius
1251 573 1456 618 operam

66 637 346 693 adhibebit,
390 643 443 680 ut
487 635 811 679 communitas
848 650 968 697 erga
1002 636 1273 681 urhariales
1323 654 1462 700 prae.

67 716 296 760 stationes
321 715 381 759 ad
417 714 621 758 illorum
652 714 891 758 culturam
916 713 1119 759 interim
1149 715 1462 780 disponatur,

68 802 147 840 aut
176 812 322 850 vero,
359 809 469 837 cum
512 809 565 837 ex
613 790 869 836 formando
905 792 1054 854 pleno
1091 793 1464 860 redintegratio-

64 877 136 921 nis
169 874 350 920 calculo
389 872 630 934 quantitas
664 871 944 917 remansuri*
984 874 1282 922 constitutivi
1320 877 1460 922 facile

66 956 175 1000 erui
214 955 393 1016 possit,
431 951 727 996 resultatura
759 951 1002 1014 ejusmodi
1041 953 1280 1016 quantitas
1323 956 1457 1001 illico

62 1036 244 1082 colonis
280 1034 618 1095 relinquatur,
657 1033 738 1094 qui
762 1033 898 1094 juxta
929 1050 1070 1079 suum
1099 1035 1236 1096 prius
1274 1050 1457 1096 posses-

65 1118 250 1162 sorium
298 1129 642 1159 remansuram
682 1114 804 1158 hanc
850 1115 1174 1176 quantitatem
1227 1116 1460 1179 adaequa-

70 1199 207 1242 bunt.

194 1276 334 1318 Instr.
380 1288 514 1334 exeq.
550 1289 677 1336 mag.
725 1292 824 1336 cap.
867 1276 917 1319 V.
952 1281 990 1326 ξ).
1039 1276 1270 1331 19.’ἰῐθηι
1322 1279 1460 1323 ἰηεΐτ,

67 1352 364 1398 commissar.
390 1351 642 1414 regiorum
671 1371 718 1414 p.
736 1358 812 1400 44.

557 1484 635 1528 SE
657 1483 854 1528 CTJO
913 1484 974 1527 11.

69 1578 330 1642 Quando
379 1585 437 1622 et
484 1579 797 1639 quomodo
845 1583 1070 1622 terrae
1127 1595 1464 1626 remanen-

68 1658 260 1702 tiales
312 1673 468 1718 prae
524 1658 828 1702 manibus
881 1657 1333 1704 dominiorum
1383 1676 1466 1706 re-

69 1736 859 1799 linquendaePRelationi
901 1744 1110 1782 tamen
1138 1741 1470 1785 executio-

471 1817 605 1862 nali
650 1818 1049 1863 inserendae

195 1924 294 1969 'Ubi
326 1924 582 1969 latifundia
618 1924 809 1986 majora
841 1930 976 1979 sunt,
1013 1925 1082 1968 ita
1105 1931 1159 1968 ut
1202 1925 1299 1970 sors
1343 1927 1466 1970 colo-

71 2005 121 2049 ni
150 2011 355 2066 propter
392 2021 543 2050 onera
562 2038 576 2061 ,
615 2021 737 2067 quae
775 2005 948 2050 exinde
979 2014 1341 2066 promanatura,
1366 2024 1472 2070 sup-

73 2086 407 2147 portandaque
433 2085 623 2140 forent,
660 2085 827 2130 omnia
860 2101 1106 2130 assumere
1151 2102 1249 2130 non
1278 2089 1472 2145 vellent,

75 2166 160 2210 sed
183 2182 238 2210 eo
266 2182 364 2211 non
400 2167 644 2222 obstante,
683 2167 812 2227 quod
832 2165 1064 2210 hactenus
1101 2182 1217 2228 erga
1258 2169 1474 2213 urbaria-

73 2246 140 2290 les
173 2246 527 2307 praestationes
555 2253 713 2301 tenta,
750 2253 795 2290 et
822 2245 966 2290 simul
997 2246 1132 2290 oneri
1159 2247 1473 2293 contributio-

8 2354 10 2359 ·
71 2326 144 2370 nis
178 2326 391 2385 subjecta
439 2325 651 2382 fuerint,
713 2342 824 2387 pars
879 2325 1038 2386 aliqua
1094 2343 1210 2387 prae
1248 2327 1473 2373 manibus

77 2405 390 2449 dominorum
439 2406 747 2450 terrestrium
792 2405 1186 2467 relinqueretur,
1253 2407 1304 2451 in
1351 2407 1472 2451 rela-

80 2486 210 2530 tione
239 2485 558 2531 executionali
592 2492 895 2547 exponatur,
946 2493 1063 2547 quot
1097 2488 1148 2531 in
1187 2504 1281 2532 uno
1305 2487 1472 2550 quovis

77 2565 183 2610 loco
223 2566 454 2610 sessiones
475 2599 488 2621 ,
547 2565 785 2628 ejusmodi
839 2567 1144 2611 remanentia
1203 2569 1472 2614 constituat.

12 2640 14 2650 '
82 2644 198 2690 naid,
233 2652 280 2690 et
307 2646 443 2692 instr.
476 2647 712 2692 commiss.
739 2662 841 2708 reg,
871 2663 917 2707 p.
954 2657 1028 2694 37,
