1664 3204
599 218 667 229 m·
726 198 806 240 311
869 216 938 230 m

84 319 196 349 vero
226 304 340 348 licet
375 304 727 350 recentioribus
771 305 908 350 annis
951 304 1153 350 eandem
1201 305 1251 350 in
1286 315 1464 354 natura

82 378 391 427 desummere
420 384 607 445 coepit,
644 384 827 445 optioni
852 385 979 430 locus
1014 401 1113 430 esse
1144 385 1275 431 haud
1295 389 1463 448 possit,

81 463 255 521 quodsi
295 470 457 506 autem
491 463 765 508 dominium
805 466 1085 510 terrestrale
1119 466 1466 526 praehabitum

79 541 210 586 hunc
242 544 424 588 realem
465 544 855 606 praescriptionis
891 562 1035 591 usum
1070 547 1347 607 legitimare
1387 563 1470 591 ne-

81 623 271 684 quiret,
308 623 528 684 adeoque
548 624 683 669 annis
715 625 968 681 duntaxat,
1004 627 1086 670 ubi
1114 626 1372 670 urbarium
1397 627 1468 671 in-

75 702 267 747 troduci
296 703 482 763 coepit,
528 704 746 764 primum
775 721 956 749 nonam
989 707 1042 751 in
1071 715 1244 751 natura
1277 707 1466 751 desum-

79 801 220 829 mere
246 783 543 840 inchoasset,
582 800 692 827 casu
716 785 765 829 in
791 786 898 841 tali,
934 788 1066 847 optio
1092 803 1244 831 nonae
1268 785 1468 830 omnino

80 864 243 908 locum
287 864 476 907 habe-at.
564 866 700 907 Anno
751 876 886 911 1721.
936 865 1016 909 die
1069 878 1139 911 11.
1176 865 1468 927 septembris

78 960 184 988 nro.
223 949 364 999 4591.
402 943 621 987 decisum
664 950 763 1000 est,
828 944 889 987 ad
923 944 1286 1006 quaestionem,
1348 961 1466 989 num

78 1038 237 1067 nonae
277 1022 408 1082 optio
444 1021 494 1066 in
529 1030 703 1066 natura
738 1024 815 1067 vel
855 1013 1182 1083 aequivalenti
1227 1030 1470 1084 praestan-

80 1101 170 1145 dae
214 1102 265 1146 in
306 1102 536 1146 comitatu
571 1103 819 1164 Csongrad
852 1103 1031 1158 delata,
1070 1111 1324 1148 terrenum
1355 1102 1471 1145 dun-

77 1190 204 1227 taxat
241 1183 419 1237 locale,
473 1182 549 1225 vel
577 1181 725 1226 etiam
756 1184 960 1244 praedia
1006 1184 1323 1245 incorporata
1367 1180 1468 1224 affi-

79 1281 191 1309 cere
223 1263 432 1308 debeat?
468 1270 521 1306 ut
554 1263 603 1307 in
632 1264 873 1325 praediis,
932 1263 981 1309 in
1014 1266 1198 1326 quibus
1215 1261 1377 1316 fundi,
1427 1268 1473 1306 et

78 1352 240 1389 terrae
270 1360 535 1389 numerum
565 1345 841 1390 sessionalis
869 1345 1163 1391 constitutivi
1200 1343 1477 1404 subingres-

77 1436 156 1470 sae
182 1431 323 1480 sunt,
360 1441 515 1468 nonae
543 1424 593 1468 in
626 1432 826 1481 natura,
880 1427 958 1470 vel
983 1423 1310 1488 aequivaienti
1337 1438 1475 1483 prae-

78 1505 297 1548 stationis
346 1504 519 1548 electio
558 1522 704 1566 penes
736 1506 950 1550 subditos
989 1513 1215 1561 maneat,
1272 1503 1323 1547 in
1365 1501 1470 1545 aliis

79 1592 240 1629 autem
271 1583 487 1645 praediis
511 1584 561 1626 in
596 1579 979 1628 vicem‘octavae
1016 1584 1185 1645 vigore
1218 1584 1264 1627 h.
1292 1582 1473 1626 resolu-

76 1664 222 1708 tionis
265 1663 429 1724 regiae
464 1661 541 1704 die
587 1666 629 1708 6.
672 1662 789 1706 maii
841 1678 964 1707 anno
1018 1675 1154 1710 1771.
1202 1668 1471 1717 emanatae,

79 1743 349 1789 obveniens
392 1758 518 1786 nona
565 1741 617 1785 in
665 1749 836 1785 natura
884 1757 975 1802 per
1018 1744 1211 1787 colonos
1243 1741 1472 1786 dominio

82 1824 354 1870 terrestrali
393 1823 715 1886 dependatur.

666 1955 788 1990 ΛΒΤ.
823 1957 904 1990 ΙΙΙ.

236 2037 406 2102 Quoad
432 2050 562 2081 usum
589 2034 782 2080 decimae
806 2049 833 2078 a
858 2033 988 2077 terris
1015 2031 1326 2093 extirpatitiis.

210 2148 343 2191 Anno
376 2156 514 2193 1771.
544 2155 586 2191 5.
611 2142 801 2204 augusti
836 2158 941 2185 nro.
976 2152 1115 2196 5972.
1150 2139 1309 2202 quoad
1330 2140 1470 2183 urba⁴

83 2227 257 2272 rialem
306 2224 514 2270 dominii
551 2224 843 2282 Csalztornya
889 2221 1250 2283 regulationem
1287 2218 1472 2262 resolu-

85 2316 189 2352 tum
223 2313 320 2362 est,
356 2312 409 2350 ut
433 2304 471 2349 si
499 2302 772 2348 dominium
804 2308 1002 2362 praeter
1032 2317 1210 2346 nonam
1247 2297 1395 2342 etiam
1419 2297 1472 2341 in

85 2405 176 2432 usu
217 2387 436 2430 decimae
490 2402 517 2429 a
552 2384 696 2428 terris
746 2382 1054 2443 extirpatitiis
1093 2378 1473 2426 desummendae

83 2466 324 2528 praefuit,
360 2483 471 2510 cum
506 2462 763 2508 urbm-iulis
794 2463 1035 2525 regulatio
1073 2462 1342 2515 decimam,
1397 2471 1474 2500 ve·-

83 2547 155 2592 lut
179 2545 251 2605 jus
293 2545 414 2590 cleri
445 2545 496 2590 in
532 2544 792 2589 substantia
830 2560 927 2588 non
976 2542 1182 2598 afficiat,
1231 2541 1362 2585 idem
1395 2537 1475 2580 (lO-

89 2625 303 2670 minium
324 2626 374 2670 in
400 2624 648 2688 speciebus
663 2623 770 2685 lege
785 2623 1113 2686 praescriptis,
1142 2623 1289 2667 etiam
1315 2617 1476 2681 quoad

86 2692 403 2768 exitii-'patitias
449 2713 635 2760 terras,
690 2703 741 2749 in
778 2722 866 2750 usu
903 2705 1122 2750 decimae
1159 2700 1471 2759 hucadusque

86 2788 366 2835 continuato
395 2787 713 2850 relinquatur.
