1664 3204
586 188 656 199 w..
715 166 898 220 37...-

0 283 1 288 ’
44 272 241 318 lonicali
287 272 633 329 ferendarum,
679 274 849 319 habita
901 273 1205 320 constitutivi
1256 276 1447 336 quanti-

45 354 177 409 tatis,
217 352 491 416 qualitatis,
566 361 614 398 et
670 355 1121 400 emolumentorum
1185 356 1446 403 reflexione

43 433 199 478 ubivis
231 432 501 477 sustineat?

173 524 215 560 3.
252 511 513 575 Quomodo
552 510 831 556 differentia
878 513 1127 573 qualitatis
1176 515 1330 560 relate
1381 516 1443 560 ad

42 591 367 653 quantitatem
402 591 705 635 extravillani
749 592 810 634 ad
848 591 1197 652 aequilibrium
1269 596 1445 642 reflexe

44 672 106 715 ad
142 688 292 718 onera
328 678 374 716 et
424 670 660 715 beneficia
723 671 919 716 colonos
970 676 1221 720 manentia
1269 676 1440 721 reduci

43 753 234 814 possit?

172 840 215 880 4.
257 833 354 876 Cur
407 833 459 876 in
502 849 714 878 numero
767 833 1080 879 arithmetico
1129 836 1368 881 urbariali
1417 853 1444 881 a

44 911 359 958 constitutivo
430 913 652 957 sessionis
710 914 990 958 colonicalis
1030 914 1185 959 ubivis
1226 917 1433 960 eaedem

42 994 201 1038 datiae
233 1000 281 1038 et
324 993 707 1054 praestationes,
744 1010 843 1037 non
885 993 1052 1038 habita
1110 1001 1310 1039 eatenus
1367 998 1445 1040 be„

40 1075 207 1119 neficii
241 1080 287 1119 et
320 1072 552 1116 maleficii
585 1073 869 1131 reflexione,
938 1075 1082 1120 ducto
1142 1076 1441 1138 praesertim

38 1155 218 1201 laboris
258 1161 306 1198 et
353 1152 656 1208 industriae,
713 1153 899 1199 fructus
953 1155 1078 1200 item
1125 1156 1187 1199 ad
1227 1156 1442 1201 invicem

41 1234 268 1279 calculo?

173 1327 215 1362 5.
252 1316 323 1358 An
357 1327 537 1368 onera,
578 1312 615 1355 si
646 1312 708 1355 ad
743 1314 985 1357 calculum
1019 1313 1305 1374 possessorii
1336 1312 1441 1356 fun-

40 1396 218 1440 dorum
259 1401 307 1439 et
340 1393 575 1439 localium
621 1391 971 1453 adjunctorum
1006 1392 1337 1452 comparative
1383 1393 1440 1435 ad

43 1482 252 1536 systema
301 1473 534 1537 generale
566 1471 723 1533 optati
751 1470 1028 1532 aequilibrii
1068 1469 1437 1531 defigerentur,

37 1571 126 1618 per
171 1555 367 1600 colonos
414 1569 439 1597 a
479 1553 805 1615 proportione
844 1552 1049 1596 ferenda
1086 1577 1153 1586 -—
1187 1568 1286 1595 non
1321 1550 1436 1596 faci-2

37 1635 157 1691 lius,
203 1642 251 1679 et
287 1632 588 1697 aequabilius
627 1631 875 1694 designari
909 1631 1147 1693 possent?

170 1719 212 1762 6.
256 1714 398 1778 Quod
437 1713 725 1768 urharium,
773 1728 833 1755 an
878 1711 1058 1773 quippe
1101 1711 1432 1775 hungaricum

37 1796 114 1839 vel
152 1795 434 1839 hanaticum
471 1811 496 1838 e
533 1793 729 1855 politico
773 1792 1000 1836 statistico
1053 1798 1234 1853 puncto
1297 1809 1433 1837 acco-

38 1874 229 1919 modius
253 1874 276 1918 P
312 1890 430 1919 anve
464 1873 741 1936 generatim
783 1871 905 1917 sacta
956 1871 1016 1915 ad
1054 1871 1266 1916 invicem
1311 1888 1440 1916 con1=

36 1954 319 2010 binatione,
352 1953 666 1998 uniformitas
720 1952 1033 1995 tractamenti
1083 1951 1342 1996 urbarialis
1389 1960 1438 1996 et

38 2034 245 2096 qualiter
276 2033 458 2078 calculo
488 2033 548 2077 ad
577 2032 863 2094 specificum
901 2031 1104 2076 reducto
1157 2032 1434 2094 adoptanda

38 2112 165 2158 foret
179 2113 203 2158 ¹?

592 2175 712 2210 ART-
751 2176 830 2211 III.

37 2253 110 2298 De
123 2255 225 2310 jure
251 2252 488 2299 excisionis
507 2254 911 2299 constitutivorum
929 2251 1180 2309 fundorum
1212 2266 1271 2297 an
1300 2251 1426 2308 igno-

359 2319 435 2364 bili
465 2321 778 2365 communitati
815 2328 1100 2379 competente.

175 2417 294 2460 Cum
312 2415 386 2476 jus
405 2414 660 2460 excisionis
688 2415 953 2460 fundorum
971 2413 1179 2477 ignobili
1210 2420 1232 2462 (
1253 2428 1432 2475 pagen-

40 2493 80 2538 si
115 2495 193 2540 vel
232 2495 539 2556 oppidanae)
582 2495 924 2541 communitati
971 2511 1019 2539 se
1063 2494 1162 2538 solo
1209 2493 1433 2555 proprie=

39 2581 187 2620 tatem
232 2576 470 2620 territorii
502 2594 598 2622 non
639 2576 868 2631 habenti,
923 2574 1009 2619 sed
1059 2573 1158 2618 nec⁴
1199 2572 1306 2634 jure
1337 2573 1427 2617 hoc

39 2655 98 2700 de
126 2657 234 2719 lege
257 2664 335 2702 aut
362 2658 406 2703 b.
443 2658 738 2702 resolutione
776 2654 1001 2700 disertim
1035 2653 1257 2715 provisae
1303 2669 1428 2696 com-

38 2741 205 2795 petere
246 2752 340 2782 non
377 2736 554 2798 possit,
591 2736 665 2799 jus
698 2736 788 2782 hoc
831 2734 1084 2781 excisionis
1123 2733 1293 2782 talium
1324 2732 1428 2779 sun-
