1664 3204
633 207 666 242 O
692 207 720 242 P
747 207 778 243 E
804 207 836 243 R
859 209 879 244 Ι
905 207 942 242 S.
1326 206 1483 241 XXVII

75 342 143 370 art.
188 346 227 377 4.
251 333 384 379 Quoad
409 333 571 368 locorum
598 331 900 367 classificationes
928 330 1130 375 generaleS.

97 401 142 408 --
191 394 225 428 5.
253 382 384 426 Quoad
414 379 673 427 particularem
706 378 899 412 cuiuslibet
924 378 994 412 loci
1029 375 1212 410 territorii=
1224 374 1348 409 classi-

329 426 550 462 ficationem.

99 493 147 501 -
193 477 228 510 6.
255 473 389 518 Quoad
413 483 598 522 pratorum
620 471 859 506 urbarialium
882 473 1118 505 excisionem.

75 550 206 584 Sectio
236 561 268 584 2.
295 549 354 583 De
377 548 565 583 beneficiis
588 549 808 583 colonorum.

72 632 138 659 art.
184 637 214 658 ι.
241 623 373 668 Quoad
395 625 522 670 pascui
544 624 842 669 competentiam,
868 630 902 655 et
917 634 1107 656 numerum
1121 633 1295 667 pecorum
1315 633 1355 655 ac

334 670 516 716 pecudum
545 672 580 703 in
606 669 733 702 eodem
757 669 1095 702 intertenendorum
1112 668 1362 714 defigendnm.

97 736 144 744 --
194 729 226 754 2.
255 718 314 752 De
338 718 564 762 praescripto
591 717 774 760 sylvarum
801 715 953 758 ordine⁷
981 723 1013 749 et
1038 717 1262 761 competenti
1286 716 1353 760 lig-

343 765 494 797 natione
519 761 706 797 urbariali.

72 839 202 874 Sectio
226 851 260 883 3.
288 840 346 874 De
359 838 509 873 robottis
535 838 746 872 colonorum
772 838 921 873 domino
935 839 1098 872 terrestri
1114 837 1359 884 praestandis.

72 922 138 950 art.
191 927 221 950 1.
247 917 306 949 De
328 916 481 950 robottis
505 917 697 949 occasione
721 915 939 949 ferventium
959 914 1139 948 laborum.

95 979 141 986 —-
192 973 223 998 2.
249 962 307 996 De
335 965 529 996 exactione
553 962 777 996 robottarum
801 964 896 996 ultra
915 961 1094 995 tabellam
1119 959 1353 994 urbarialem.

95 1027 143 1035 -
189 1021 224 1050 3.
255 1009 310 1042 De
334 1008 494 1042 curribus
519 1009 730 1042 colonorum
758 1011 913 1053 qualiter
937 1007 1148 1047 onerandis,

98 1074 142 1081 —
190 1057 224 1099 4.
250 1055 310 1088 De
342 1064 503 1102 tempore
528 1056 800 1102 pabulafionis,
829 1065 862 1090 et
885 1056 1158 1101 adaquationis,

186 1114 219 1145 3.
251 1104 305 1135 De
330 1115 478 1136 numero
502 1111 729 1137 maturarum
754 1104 910 1148 qualiter
938 1102 1106 1137 definito.

188 1149 220 1183 6.
247 1149 306 1183 De
333 1149 612 1192 exactionibus,
649 1157 685 1183 et
712 1150 1017 1198 imputationibus
1040 1147 1264 1182 robottarum
1289 1159 1351 1181 ex-

340 1207 501 1231 cessuris.

195 1251 226 1282 7.
255 1241 388 1283 Quoad
416 1243 545 1286 longas
569 1248 748 1276 vecturas.

195 1292 226 1324 8.
254 1287 313 1320 De
338 1288 520 1330 lignorum
546 1291 777 1322 consectione
804 1295 839 1321 et
864 1290 1043 1321 vectione.

189 1345 222 1375 9.
250 1333 382 1375 Quoad
406 1333 569 1366 decimae
593 1343 827 1378 praetensam
853 1336 1144 1367 convectionem.

163 1390 216 1413 10.
244 1379 376 1422 Quoad
404 1379 546 1412 labores
572 1380 815 1413 vindemiales
829 1387 993 1422 exactos,
1017 1388 1053 1413 et
1075 1387 1260 1414 vecturam
1285 1392 1344 1413 cu-

334 1427 540 1472 iuscunque
565 1427 715 1472 speciei.

66 1500 198 1535 Sectio
223 1509 258 1541 4.
283 1500 343 1534 De
367 1500 495 1533 ceteris
521 1497 833 1545 praestationibus
860 1505 896 1532 et
919 1497 1027 1532 datiis
1050 1499 1268 1535 colonorum.

69 1569 135 1597 art.
186 1574 217 1595 ι.
247 1560 379 1606 Quoad
394 1560 684 1607 redemptionem
710 1559 890 1597 filaturae.

95 1627 138 1634 —
189 1618 222 1647 2,
249 1609 381 1652 Quoad
407 1608 592 1653 optionem
617 1619 749 1641 nonae.

91 1673 139 1682 -—-
186 1667 220 1699 3.
249 1655 380 1699 Quoad
403 1666 509 1688 usum
532 1654 694 1688 decimae
718 1666 739 1687 a
763 1656 865 1687 terris
892 1655 1139 1701 extirpatitiiS.

95 1721 140 1726 —
187 1705 218 1744 4.
251 1703 305 1735 De
331 1703 555 1736 hiematione
578 1713 750 1748 pecorum
776 1701 1019 1735 dominalium
1033 1704 1072 1735 in
1091 1701 1210 1734 locum
1225 1712 1359 1735 nonae.

96 1767 141 1773 —-
189 1751 223 1783 5.
250 1750 310 1783 De
332 1750 473 1784 decima
498 1748 543 1781 ab
560 1750 654 1793 agris
673 1760 739 1794 pro
761 1747 1010 1791 adjustatione
1033 1755 1221 1795 pratorum
1241 1747 1350 1791 datis,

333 1804 367 1830 et
392 1796 638 1841 extirpaturiS.

93 1859 141 1867 ·-
191 1842 223 1876 6.
249 1842 308 1875 De
327 1842 468 1875 decima
483 1866 494 1883 ‚
522 1848 556 1874 et
583 1853 678 1875 nona
700 1843 789 1874 vini.

98 1906 141 1912 —
192 1899 223 1927 7.
250 1889 309 1923 De
335 1899 435 1921 nona
457 1900 477 1920 a
502 1887 614 1922 fundo
636 1888 882 1923 intraviltano.

93 1952 140 1959 -
187 1942 220 1976 8.
247 1936 305 1968 De
337 1933 532 1968 decimain
548 1937 720 1968 stramine
744 1935 801 1967 vel
826 1946 949 1981 grano,
976 1942 1037 1969 aut
1061 1936 1210 1981 optione
1223 1945 1355 1970 nonae.

92 1999 140 2006 —-
188 1994 219 2026 9.
248 1981 382 2025 Quoad
405 1984 556 2025 vineas,
582 1989 617 2015 et
643 1983 946 2028 promontoriales
964 1982 1148 2017 articulos,

71 2053 202 2088 Sectio
225 2067 259 2100 5.
286 2056 346 2090 De
368 2056 510 2100 juribus
534 2069 575 2090 ac
598 2056 789 2091 beneficiis
814 2056 1012 2103 regalibus.

73 2137 141 2163 art.
184 2143 214 2164 ι.
243 2131 376 2174 Quoad
402 2133 723 2168 emacillationem.

191 2188 224 2212 2.
253 2179 383 2222 Quoad
413 2180 726 2213 educillationem.

185 2235 219 2266 3.
246 2225 380 2268 Quoad
405 2226 608 2268 telonium,
637 2234 671 2260 et
696 2225 859 2261 naulum.

189 2273 224 2312 4.
252 2273 385 2312 Quoad
414 2272 468 2314 jus
494 2274 758 2307 nundinarum.

192 2328 228 2360 5.
255 2318 387 2360 Quoad
413 2319 552 2352 molare
580 2318 809 2353 beneficium.

194 2365 226 2398 ὁ.
257 2364 389 2407 Quoad
408 2366 464 2409 jus
488 2366 688 2400 detractus.

90 2195 146 2389 ΙΙΙΙΙ

70 2436 203 2472 {Sec-tio
227 2439 262 2473 6.
289 2438 348 2473 De
383 2441 512 2486 spiritu
549 2439 794 2485 benignarum
839 2438 1103 2472 resolutionum
1146 2438 1345 2483 regiarum,

324 2485 439 2520 relate
478 2486 524 2520 ad
557 2498 624 2528 ea,
669 2498 820 2532 quorum
855 2488 988 2519 intuitu
1025 2484 1162 2519 abusus
1196 2492 1232 2518 et
1255 2487 1348 2519 varii

338 2544 508 2567 excessus
533 2533 612 2567 fieri
635 2540 810 2580 possent;
837 2539 1097 2567 emanatarum.

76 2598 140 2625 art.
194 2605 225 2628 ι.
252 2593 384 2636 Quoad
409 2593 618 2627 abactiones
643 2601 679 2626 et
702 2594 969 2637 invagiationes
997 2604 1184 2638 pecorum.

95 2657 142 2664 —
189 2650 220 2675 2.
244 2639 377 2683 Quoad
415 2639 675 2674 refroenandos
710 2639 1003 2674 inobedientium
1034 2641 1250 2675 rusticorum
1288 2647 1344 2673 tu·

346 2686 494 2719 multus.

100 2749 144 2758 —
191 2733 224 2769 ὅ.
249 2731 380 2776 Quoad
409 2732 734 2769 abaestimationes
751 2758 763 2779 ‚
801 2741 836 2769 et
860 2733 1127 2770 eliminationes
1164 2733 1348 2770 inutilium

342 2781 567 2818 colonorum.

1383 283 1478 327 Pag.

1412 339 1477 374 293

1412 669 1481 713 296
