1664 3204
587 238 897 263 m11m

174 333 268 381 Ubi
316 341 480 378 tamen
509 333 562 377 id
599 334 759 396 ipsum
793 332 924 377 nulla
955 330 1139 375 ratione
1177 329 1286 374 fieri
1321 347 1432 392 pos-

44 422 131 472 set,
165 415 234 460 ihi
258 415 541 461 sessionales
565 412 954 476 appertinentiae
983 412 1034 456 in
1072 412 1308 456 moderno
1330 412 1431 472 qui-

44 497 159 540 dem
201 503 322 540 statu
352 496 708 557 relinquendae
732 528 744 550 ,
793 501 840 537 et
876 492 1019 536 modo
1045 493 1259 554 regulata
1295 492 1434 535 urba-

48 575 190 619 rialia
219 592 367 620 onera
400 575 578 620 colonis
605 569 797 619 nonnisi
828 590 854 616 a
887 572 1200 634 proportione
1241 572 1434 616 actualis

46 658 336 716 possessorii
367 655 749 718 praescribenda
778 663 951 711 erunt,
1000 654 1344 700 adlaborahunt
1375 660 1440 696 ta-

40 752 156 780 men
183 744 229 779 et
260 736 311 779 in
339 735 413 779 his
451 734 634 778 domini
675 741 931 778 terrestres
950 767 964 790 ,
1015 743 1067 778 ut
1097 735 1358 779 successive
1384 732 1436 777 in

43 818 219 862 talibus
252 832 438 877 quoque
470 815 606 869 loeis,
642 813 816 859 fundos
844 814 1126 859 sessionales
1163 816 1222 859 ad
1250 822 1432 858 rectam

41 913 132 958 pro
193 897 365 940 eodem
425 895 653 938 comitatu
716 911 743 938 a
794 895 1108 957 proportione
1184 894 1434 954 obtingen-

46 976 106 1020 tis
153 976 312 1022 classis
360 975 688 1037 praecriptam
739 975 1077 1037 integrarum,
1128 974 1433 1027 mediarum,

0 1080 4 1116 ‚1
47 1057 339 1118 quartalium
376 1063 422 1099 et
447 1054 730 1099 octavalium
760 1055 1028 1100 sessionum
1062 1070 1341 1098 mensuram
1365 1068 1438 1095 co-

41 1152 148 1180 ram
181 1134 458 1179 testimonio
488 1141 651 1178 tamen
682 1136 936 1180 comitatus
989 1135 1346 1197 redintegrare,
1387 1138 1434 1174 et

51 1215 321 1274 adaequare
360 1213 573 1274 possint,
610 1214 873 1257 dummodo
899 1232 989 1275 per
1034 1216 1180 1259 talem
1203 1214 1436 1272 adaequa-

2 1311 3 1314 *
50 1294 236 1338 tionem
257 1327 269 1348 ,
306 1301 351 1337 et
388 1293 857 1354 redintegrationem
890 1310 1048 1354 neque
1083 1309 1314 1336 numerus
1347 1296 1449 1335 ses-'

45 1374 343 1418 sionatorurn
383 1373 663 1415 colonorum
697 1374 1050 1433 restringatur,
1085 1388 1243 1432 neque
1277 1370 1436 1414 fundis

0 1464 2 1491 ὑ
41 1449 379 1497 colonicalibus
423 1466 517 1511 per
571 1451 785 1496 subditos
831 1452 1061 1496 hactenus
1108 1450 1338 1512 possessis
1391 1455 1438 1492 et

0 1516 1 1583 l
45 1530 225 1576 usuatis
263 1530 378 1591 quid
418 1531 755 1575 subtrahatur:

170 1610 429 1654 Instructio
461 1611 805 1674 exequentium
861 1609 1298 1674 magistratualium
1332 1624 1431 1669 cap.

0 1663 1 1699 ³
43 1694 101 1742 V.
128 1692 166 1752 §.
199 1701 272 1740 18.

544 1821 857 1856 ARTICIJLUS
879 1821 960 1857 III.

47 1899 120 1944 De
156 1898 406 1958 capacitate
428 1898 679 1955 fundorum
714 1898 1004 1943 constitutivi
1038 1897 1085 1941 in
1133 1895 1306 1941 tabellis
1367 1911 1440 1940 ur-

169 1975 410 2022 harialibus
438 1980 580 2033 juxta
615 1993 852 2022 numerum
911 1977 1308 2032 redintegrationis

627 2059 873 2103 inserenda,

175 2168 222 2213 Si
262 2167 485 2212 nonnulli
537 2167 722 2211 domini
771 2174 1028 2211 terrestres
1077 2167 1136 2211 ad
1181 2165 1430 2209 instituen·

10 2306 14 2315 Ι
52 2247 161 2291 dam
190 2248 660 2310 redintegrationem
691 2247 954 2292 fundorum
986 2246 1145 2289 statim
1182 2245 1428 2289 occasione

47 2327 305 2372 urbarialis
343 2329 656 2391 regulationis
691 2328 1010 2382 accesserint,
1062 2325 1435 2387 redintegratio-

46 2425 258 2470 nemque
320 2407 371 2452 in
431 2408 696 2452 continenti
749 2407 1086 2469 praestandam
1140 2404 1436 2466 adpromise-

48 2489 176 2542 rint,
225 2495 336 2531 tunc
373 2488 606 2548 capacitas
643 2486 906 2531 fundorum
935 2485 986 2529 in
1037 2486 1437 2531 concernentibus

50 2549 258 2613 tabellae
305 2569 561 2614 urbarialis
598 2569 806 2613 rubricis
842 2568 892 2611 in
929 2566 1014 2611 illo
1056 2583 1261 2611 numero
1303 2567 1435 2629 juge-

49 2665 236 2704 rorum,
273 2657 318 2693 et
352 2649 684 2694 falcastrorum
718 2656 936 2694 accurate
965 2648 1202 2692 inseratur
1223 2681 1237 2701 ,
1291 2663 1437 2708 quem

52 2747 313 2774 numerum
356 2730 781 2794 redintegrationis
836 2736 1081 2774 accuratus
1125 2728 1331 2772 calculus
1375 2725 1436 2769 es-

55 2807 182 2869 ῙθΓῐΞ
219 2810 442 2874 assignati
482 2817 644 2860 autem
679 2827 770 2876 per
803 2810 1022 2862 dominos
1053 2816 1306 2857 terrestres
1342 2821 1432 2869 pro
