1664 3204
757 197 1098 236 -0-322m

221 307 558 355 itinerantibus
601 302 954 347 communicari
992 301 1153 364 possit.
1237 302 1310 348 Ob
1335 303 1610 353 fraudulen-

224 398 297 436 ter
318 423 332 447 ,
367 388 443 433 vel
478 386 714 430 violenter
748 383 1080 430 intermissam
1107 384 1278 429 telonii
1319 387 1609 433 solutionem

222 479 290 516 est
316 483 472 530 poena
518 465 903 521 contrabandae,
940 482 1022 510 seu
1048 465 1396 511 confiscationis
1436 485 1607 514 rerum

221 555 471 595 vectarum
492 580 505 603 ,
543 562 687 609 quam
710 562 923 608 poenam
949 546 1214 590 incurrunt
1247 546 1283 590 ii
1315 547 1490 602 etiam,
1526 548 1611 610 qui

220 630 335 675 salsa
370 628 508 686 vada,
529 635 575 672 et
600 628 828 690 trnjectus
853 644 952 671 non
975 626 1310 689 privilegiatos
1344 636 1613 689 quaerunt3

219 711 301 755 sed
334 725 410 754 res
435 709 600 753 taliter
633 708 913 752 confiscatae
951 723 1102 769 usque
1130 707 1418 752 sententiam
1435 724 1524 769 per
1544 723 1616 751 se-

221 788 337 834 dem
357 788 657 833 dominalem
687 786 894 833 dominii
922 787 1053 832 illius
1071 821 1084 844 9
1134 788 1195 832 ad
1221 788 1351 850 quod
1375 787 1608 832 telonium

219 869 467 931 pertinet,
509 868 786 924 ferendam,
823 867 1105 913 conservari
1142 868 1345 923 dehent,
1400 867 1439 912 si
1477 867 1613 913 enim

217 949 357 1012 prius
397 948 755 1003 distrahantur,
802 946 990 991 incurri
1028 954 1189 1009 potest
1232 964 1394 1009 poena
1432 949 1614 994 violen-

217 1029 350 1084 tiae,
389 1036 435 1073 et
458 1030 751 1073 damnorum
785 1025 995 1083 refusio,
1031 1027 1069 1070 si
1104 1044 1220 1073 vero
1261 1029 1509 1074 occasione
1533 1030 1616 1073 de-

217 1107 541 1156 fraudationis
569 1124 648 1152 res
681 1107 932 1152 confiscari
957 1125 1054 1152 non
1095 1115 1348 1169 poterant,
1385 1108 1609 1154 dominus

217 1188 414 1244 telonii,
474 1190 549 1234 vel
601 1188 864 1234 arendator
898 1205 1178 1250 processum
1243 1205 1405 1234 coram
1452 1188 1615 1249 judice

218 1268 489 1326 laedentis,
526 1271 585 1315 ad
616 1270 930 1316 amissionem
961 1287 1132 1316 rerum
1163 1277 1439 1326 vectarum,
1494 1287 1617 1332 quae

222 1350 582 1397 contrabandae
609 1352 966 1409 obnoxiantur,
1002 1352 1053 1397 in
1083 1351 1312 1414 specifico
1343 1351 1615 1413 probanda-

221 1444 335 1473 rum
365 1439 541 1477 movet.
609 1433 748 1478 Ulad.
777 1433 908 1478 decr.
937 1434 975 1484 I,
1003 1440 1089 1478 art.
1120 1442 1195 1481 88.
1241 1431 1372 1477 decr.
1412 1431 1495 1476 ΙΙΙ.
1525 1436 1613 1475 art.

223 1521 299 1559 55.
335 1511 492 1565 Math,
531 1512 658 1559 decr.
689 1514 766 1559 Vl.
802 1521 890 1559 art.
921 1524 995 1562 55.
1032 1521 1079 1558 et
1113 1524 1249 1561 1723.
1285 1518 1376 1557 art·
1412 1523 1484 1558 15.

800 1691 921 1726 ART
973 1691 1046 1727 JK

606 1768 777 1832 Quoad
801 1771 880 1826 jus
914 1769 1236 1818 nundinarum.

348 1886 434 1932 Jus
462 1880 793 1929 nundinarum
813 1896 839 1924 e
860 1880 1121 1944 privilegio
1151 1881 1431 1944 aquisitum,
1457 1885 1537 1945 qui
1561 1884 1615 1930 il.

219 1966 309 2012 lud
351 1966 499 2010 habet
550 1964 602 2007 in
629 1962 792 2024 aliquo
826 1962 950 2018 loco,
972 1969 1136 2024 potest
1166 1964 1496 2010 contradicere
1525 1968 1615 2024 illi,

225 2049 308 2113 qui
343 2045 396 2091 in
425 2044 586 2090 vicino
602 2045 725 2099 loco,
756 2060 847 2105 pro
887 2043 1058 2088 eodem
1111 2044 1188 2089 die
1224 2046 1486 2093 nundinale
1518 2049 1617 2110 pri-

221 2127 460 2192 vilegium
486 2126 756 2186 impetrare
795 2123 910 2170 vult.
972 2124 1073 2175 Tit,
1105 2135 1176 2171 10.
1202 2133 1328 2187 part.
1354 2127 1416 2173 ΙΙ.
1461 2129 1612 2173 Porro

222 2210 452 2256 dominus
489 2205 822 2250 nundinarum
854 2203 996 2249 habet
1021 2204 1095 2267 jus
1124 2213 1307 2251 certam
1342 2215 1499 2252 taxam
1530 2210 1609 2254 vel

223 2287 491 2354 privilegio
517 2287 594 2331 vel
632 2286 778 2348 legali
809 2303 900 2331 usu
941 2285 1321 2333 determinatam
1351 2304 1377 2332 a
1407 2289 1620 2335 stationi-

222 2370 311 2416 bus
337 2367 654 2415 vendentium
687 2365 1042 2412 desummendi.

356 2452 490 2495 Anno
524 2459 661 2495 1777,
688 2447 766 2491 die
799 2458 870 2495 17.
901 2446 1018 2506 maji
1041 2464 1147 2494 nro.
1189 2459 1324 2504 1957.
1352 2450 1616 2496 resolutum

228 2536 298 2575 est
320 2563 333 2586 ,
370 2528 611 2592 siquidem
643 2528 938 2573 heneficium
963 2529 1229 2574 nundinale
1272 2529 1464 2576 forense
1497 2531 1615 2584 (huc

229 2625 327 2653 non
355 2609 635 2665 intellectis,
678 2625 800 2670 quae
844 2626 899 2654 ex
936 2611 1090 2655 rurali
1125 2613 1412 2658 oeconomia
1443 2614 1617 2677 produ.

232 2696 428 2739 cuntur)
451 2688 571 2747 juris
601 2689 893 2735 terrestralis
934 2699 1084 2747 esset,
1131 2700 1178 2737 et
1211 2693 1271 2738 ad
1305 2692 1487 2755 regalia
1537 2695 1617 2740 do-

230 2769 371 2816 minii
395 2772 697 2832 pertineret,
739 2771 916 2827 laridi,
954 2773 1259 2835 smigmatis‚
1311 2782 1359 2818 et
1395 2776 1615 2822 candela-
