1664 3204
602 158 940 200 m129-m

83 270 274 314 sionum
310 267 656 312 colonicalium
688 268 740 313 in
765 268 898 313 nullo
920 265 1109 330 penitus
1141 279 1275 321 casu,
1310 267 1476 328 nequi,

86 349 199 394 dem
229 364 347 409 erga
371 348 691 410 adaequatam
724 355 824 392 tam
846 348 897 392 in
937 345 1199 409 quantitate
1242 361 1388 408 quam
1429 353 1475 389 et

88 429 322 490 qualitate
391 429 733 491 praestandam
799 428 1173 489 adjustationem
1225 442 1249 468 a
1295 425 1478 469 colonis

85 509 237 553 adimi
260 510 468 571 possint,
521 509 604 554 sed
660 525 780 570 quae
837 509 1101 571 originar-ie
1148 507 1208 552 ad
1251 505 1478 548 sessiones

94 590 437 651 pertinebant,
485 587 689 631 eaedem
725 588 776 632 in
817 587 1008 647 specie,
1048 604 1147 630 non
1189 584 1481 630 obstantibus

89 671 451 731 quibuscunque
475 668 627 713 relate
658 665 719 710 ad
753 673 906 710 metas
933 665 1204 720 territorii,
1253 671 1332 708 aut
1375 663 1479 708 aliis

89 750 248 794 enasci
288 747 579 810 queuntibus
624 745 1031 801 circumstantiis,
1078 753 1158 790 aut
1201 742 1482 787 mutationi-

88 831 175 874 bus
199 844 349 890 penes
388 827 650 871 sessionem
693 841 990 886 permanere
1026 825 1268 879 debeant,
1304 839 1390 867 nec
1426 838 1484 866 ex

97 907 237 952 claris
288 905 542 950 urbarialis
594 905 914 966 regulationis
962 905 1209 950 tenoribus
1259 903 1487 965 profluit,

90 1003 179 1034 nec
199 988 390 1051 juribus
418 985 730 1047 proprietatis
750 984 1010 1047 congruit3
1037 986 1123 1031 sed
1151 991 1306 1030 rectus
1339 984 1484 1037 ordo,

94 1078 140 1114 et
166 1070 269 1130 ipsa
301 1065 716 1110 contribuentium
746 1067 1124 1111 conservationis
1152 1065 1277 1110 ratio
1304 1062 1353 1107 id
1391 1063 1484 1106 exi-

96 1150 196 1209 git,
231 1155 284 1190 ut
307 1144 592 1189 omnimode
618 1154 983 1206 praevertatur,
1020 1165 1078 1191 ne
1110 1147 1226 1190 dum
1255 1160 1365 1205 pars
1399 1151 1488 1187 ter-

100 1226 210 1269 reni
234 1244 323 1287 per
352 1225 671 1269 metationem
712 1226 969 1282 avellitur,
1006 1227 1198 1270 colonus
1236 1225 1387 1268 relate
1429 1223 1489 1265 ad

101 1304 408 1349 domicilium
471 1315 516 1350 et
557 1322 819 1367 personam
881 1308 968 1351 sub
1010 1323 1107 1351 una
1148 1304 1485 1364 jurisdictione

99 1384 371 1429 terrestrali
409 1399 669 1429 remanens
718 1386 1048 1429 extravillanas
1102 1384 1484 1446 appertinentias

98 1463 150 1508 in
184 1463 278 1506 alio
311 1469 539 1519 terreno,
577 1470 621 1507 et
652 1464 740 1507 sub
781 1464 1006 1507 distincta
1048 1462 1317 1507 terrestrali
1353 1461 1491 1520 juris-

99 1543 311 1587 dictione
357 1542 585 1588 colendas
620 1541 825 1599 habeat,
874 1551 919 1587 et
966 1543 1124 1605 quoad
1161 1543 1307 1587 etiam
1356 1543 1496 1585 obve-

98 1624 286 1669 nientes
319 1623 669 1685 praestationes
712 1622 895 1666 duabus
932 1620 1345 1684 jurisdictionibus
1381 1620 1498 1664 obli-

104 1714 243 1766 gatus
281 1705 365 1759 sit,
403 1719 611 1763 ansaque
642 1701 940 1757 confusioni,
978 1720 1030 1746 ac
1077 1704 1261 1748 occasio
1304 1700 1498 1763 jurisdi-

111 1786 325 1829 ctionum
364 1780 605 1826 collisioni
645 1780 1000 1841 suppeditetur.

235 1870 278 1911 4.
327 1864 379 1906 In
424 1860 681 1905 metalibus
724 1860 1165 1904 controversiarum
1220 1860 1501 1904 accomoda-

106 1943 351 1997 tionibus,
389 1941 545 1985 coloni
572 1939 630 1982 ab
662 1939 888 1983 omnibus
933 1940 1019 1982 hac
1058 1939 1243 1983 ratione
1288 1939 1498 1985 ferendis

107 2022 370 2086 impensis,
407 2030 453 2067 et
495 2020 725 2065 oneribus
750 2018 882 2080 juxta
918 2018 1052 2064 instr.
1093 2036 1225 2082 exeq.
1257 2036 1380 2082 mag.
1401 2036 1500 2082 cap.

110 2105 164 2146 V.
191 2109 227 2155 ยง.
256 2114 328 2150 50.
361 2102 658 2145 eximuntur.

243 2193 283 2228 5.
322 2179 557 2243 Quamuis
590 2179 827 2241 dupplicis
875 2177 1062 2223 ordinis
1111 2179 1379 2224 decisiones
1427 2197 1504 2225 cu-

114 2260 256 2304 riales
284 2259 523 2315 existant,
560 2261 758 2305 alterius
789 2259 1016 2320 quidem,
1066 2262 1192 2320 quod
1235 2261 1351 2304 dum
1395 2279 1502 2322 par-

117 2346 187 2381 tes
216 2339 264 2382 in
291 2339 503 2401 aliquem
527 2340 746 2402 judicem
771 2340 837 2382 ita
862 2338 1290 2399 compromittunt,
1326 2349 1377 2384 ut
1405 2359 1505 2386 sen-

118 2417 266 2460 tentia
299 2434 389 2478 per
414 2419 625 2463 eundem
653 2419 854 2463 serenda
879 2419 1008 2462 illico
1035 2418 1274 2479 etabsque
1302 2421 1397 2464 ullo
1421 2421 1508 2465 im-

118 2497 402 2558 pedimento
433 2500 705 2554 executioni
739 2498 1009 2559 mancipari
1039 2499 1239 2554 debeat,
1275 2508 1510 2562 tuncpar-

121 2576 158 2620 ti
184 2578 510 2622 succumbenti
540 2594 627 2624 nec
662 2578 941 2639 prohibitae
983 2579 1276 2623 beneficium
1320 2598 1507 2643 compe-

124 2663 224 2711 tat,
261 2658 371 2719 quia
398 2659 482 2702 sub
510 2659 831 2720 generalitate
868 2657 1153 2703 sublationis
1187 2659 1508 2722 impedimen-

125 2744 280 2781 torum
309 2745 472 2797 partes
500 2738 645 2783 etiam
673 2737 1003 2797 prohibitam,
1040 2739 1170 2785 velut
1205 2757 1359 2803 aeque
1407 2757 1510 2786 exe-
