1664 3204
564 193 904 234 m3o5m

62 306 286 346 araturae
331 300 392 344 ad
434 301 616 358 semel,
665 317 835 346 verum
860 302 1101 348 distinctis
1136 310 1438 367 temporibus

60 381 456 436 desummantur3
492 380 542 423 in
582 380 772 442 reliquo
814 382 999 426 domini
1044 389 1298 433 terrestres
1338 408 1438 435 ara-

59 466 220 503 turam
257 476 368 503 cum
402 458 647 502 occatione
685 476 780 503 non
822 460 1142 519 confundant,
1188 483 1355 513 verum
1384 472 1439 515 il-

56 539 157 582 lam
190 537 288 598 jam
321 539 382 582 ad
425 543 612 582 certum
637 555 898 583 numerum
926 542 1209 600 reductam,
1257 545 1308 591 in
1347 551 1441 611 spi.

59 617 159 661 ritu
198 616 385 661 urbarii
420 616 589 678 puncti
626 618 708 660 ΙΙΙ.
747 618 868 663 hanc
907 636 1055 676 vero,
1102 624 1174 666 uti
1212 626 1325 672 alias
1365 630 1440 691 ju.

60 699 191 759 gales
221 711 392 757 operas
419 692 470 741 in
495 703 775 755 computum
804 697 1028 742 laborum
1054 700 1321 762 imputent,
1385 709 1438 753 in

62 785 295 839 quantum
335 783 497 819 autem
533 775 714 820 occatio
759 777 1000 822 eiusmodi
1034 779 1163 823 haud
1199 782 1443 846 imputata

57 858 352 912 haberetur,
409 856 583 900 eadem
619 858 901 919 respectivis
948 861 1132 907 colonis
1169 880 1261 924 pro
1304 882 1443 928 prae-

56 939 200 983 terito
224 937 524 983 bonificetur.

600 1077 720 1115 ΛΒΤ,
773 1078 836 1114 VI.

56 1163 128 1207 De
165 1158 474 1206 exactionibus
526 1167 568 1202 et
607 1158 980 1218 imputationibus
1030 1161 1317 1208 rohottarum
1367 1180 1442 1210 ex-

654 1238 845 1286 cessivis.

184 1350 321 1392 Anno
352 1349 487 1394 1784.
509 1349 584 1394 28.
607 1346 892 1408 septembris
920 1363 1022 1393 nro.
1057 1354 1226 1397 18482.
1251 1349 1442 1397 intima.

53 1434 186 1484 tum,
235 1428 563 1489 querimonias
592 1427 750 1488 quoad
783 1427 1088 1484 exactiones,
1147 1437 1193 1472 et
1239 1429 1446 1492 imputa-

52 1506 211 1550 tiones
237 1508 547 1551 rohottarum
574 1522 599 1550 e
628 1505 941 1566 sequentibus
972 1507 1267 1567 praeprimis
1299 1513 1445 1554 ratio-

53 1587 194 1632 nibus
237 1584 360 1630 oriri
401 1587 586 1642 solere3
631 1600 672 1628 α.
715 1586 846 1645 quod
881 1586 1029 1647 aliqui
1060 1586 1250 1631 domini
1292 1597 1445 1634 terre-

54 1672 174 1711 stres
225 1666 415 1709 labores
461 1680 815 1722 nonnunquam
862 1680 954 1724 per
1004 1666 1309 1712 aversionem
1353 1670 1451 1713 exi-

54 1753 187 1808 gant,
225 1745 305 1789 alii
329 1744 428 1788 dies
455 1744 791 1786 laboratorum
815 1742 937 1785 adeo
962 1741 1350 1802 dismembrent,
1387 1756 1440 1792 ut

55 1827 133 1871 vel
164 1826 283 1869 haec
315 1822 711 1877 dismembratio,
757 1840 816 1866 an
837 1820 1077 1865 nimirum
1100 1824 1358 1881 praestitus
1383 1827 1447 1869 la-

57 1907 148 1951 bor
169 1922 259 1967 pro
290 1913 483 1966 quarta,
519 1901 708 1955 media,
754 1907 833 1944 aut
869 1899 895 1962 §3
929 1901 1027 1944 diei
1057 1902 1333 1965 computari
1361 1905 1439 1948 de.

55 1988 195 2042 beat,
232 1985 437 2030 dubium
467 1981 740 2043 relinquat,
783 1980 1092 2042 querelisque
1118 1999 1281 2026 ansam
1305 2000 1447 2043 praes

57 2068 185 2112 beat.
265 2066 302 2111 b.
327 2067 586 2118 Tesserae,
636 2077 723 2105 seu
748 2060 901 2123 sigilla
925 2077 1013 2121 per
1033 2060 1264 2107 officiales
1295 2064 1450 2107 domi·

56 2147 190 2193 nales
220 2162 320 2191 non
347 2144 482 2189 illico
519 2142 859 2195 extradentur,
908 2141 1022 2184 hinc
1046 2158 1161 2185 vero
1184 2143 1448 2206 contingat,

58 2233 112 2271 ut
136 2226 225 2270 hac
249 2223 585 2269 extradatione
615 2222 668 2264 in
694 2220 879 2281 longius
911 2225 1103 2279 tempus
1129 2221 1303 2279 dilata,
1357 2240 1444 2267 nec

65 2306 276 2362 subditi,
335 2310 452 2365 quot
496 2303 685 2346 labores
724 2299 1086 2361 praestiterint,
1145 2318 1235 2346 nec
1267 2303 1445 2348 officia.

58 2387 156 2442 les,
194 2392 308 2446 quot
337 2381 497 2444 sigilla
528 2381 781 2425 extradare
825 2380 1063 2435 debeant,
1100 2383 1443 2429 recordentur.

57 2483 92 2513 c.
141 2467 284 2530 Quod
335 2464 568 2510 officiales
622 2462 890 2506 dominales
946 2460 1307 2523 praescriptum
1354 2477 1446 2522 per

58 2546 317 2593 urbarium
360 2545 671 2588 robottarum
716 2549 993 2603 regestrum
1036 2539 1196 2586 minus
1231 2548 1440 2585 servent.

56 2627 106 2680 d,
142 2626 327 2673 subditi
364 2625 647 2685 frequenter
676 2639 886 2685 pueros,
939 2623 1014 2666 vel
1045 2619 1229 2682 puellas
1266 2619 1326 2662 ad
1370 2635 1447 2662 ro-

57 2709 246 2754 hottam
282 2705 504 2759 mittant,
567 2702 650 2766 qui
693 2702 898 2748 subinde
939 2701 1054 2745 licet
1093 2715 1119 2742 a
1156 2696 1442 2759 parentibus

59 2787 223 2846 missi,
272 2793 422 2833 semet
455 2804 482 2838 a,
514 2781 759 2835 laboribus
799 2783 1079 2834 absentant,
1141 2778 1356 2839 adeoque
1389 2776 1446 2821 si-

1109 2862 1147 2905 U
