1664 3204
748 185 1086 226 *238*-

222 306 282 334 ne
302 290 477 335 horum
497 290 677 334 intuitu
692 288 819 331 ullae
835 287 1008 332 dehinc
1031 305 1141 332 cum
1158 291 1602 346 communitatibus,

218 387 348 433 quae
383 368 567 414 idmodi
605 372 876 412 contractus
905 366 995 412 sihi
1019 384 1186 430 graves
1210 377 1438 430 reputant
1468 386 1599 426 esse,

218 452 447 496 acci-dae
479 448 624 502 fiant,
660 462 836 491 verum
866 464 923 492 ex
956 447 1031 492 his
1068 456 1348 511 competens
1389 467 1517 496 nona
1550 449 1602 495 in

219 538 392 574 natura
432 527 729 571 desumatur.

700 649 992 695 SECTIO
1052 651 1109 694 V.

220 748 305 791 De
345 743 604 789 decima
640 743 1143 790 ohservationes
1179 753 1235 790 et
1268 746 1574 791 recentio-

278 840 372 868 res
406 823 726 884 benignae
762 823 1233 886 dispositiones
1278 824 1514 888 regiae.

346 945 605 991 Decisione
655 946 989 1007 quaestionum
1051 947 1109 991 de
1178 949 1381 994 decimis
1443 963 1610 993 occur-

217 1026 433 1071 rentium
466 1026 767 1071 comitatibus
798 1041 888 1088 per
916 1027 1021 1088 lege
1094 1060 1107 1083 ,
1144 1043 1196 1071 ac
1223 1027 1274 1072 in
1299 1029 1458 1090 specie
1498 1028 1611 1072 arti-

220 1106 382 1150 culum
447 1116 522 1154 28.
597 1117 736 1152 1715.
815 1105 1005 1162 delata,
1066 1106 1322 1170 negotium
1375 1109 1611 1154 decimale

220 1204 247 1229 a
272 1186 466 1230 tramite
491 1188 595 1247 lege
625 1185 826 1230 definito
879 1187 1091 1232 abstrahi
1131 1205 1227 1233 non
1269 1205 1437 1251 posse,
1475 1187 1616 1232 illud-

221 1282 312 1327 que
338 1265 397 1308 ad
422 1265 674 1326 sphaeram
711 1267 1103 1327 pertractationis
1141 1267 1366 1330 politicae
1421 1268 1617 1313 nonnisi
1660 1312 1664 1318 ,

222 1360 280 1388 eo
307 1346 393 1388 sub
421 1346 591 1389 obtutu
615 1346 891 1406 pertinere,
927 1354 979 1391 ut
1016 1362 1108 1408 per
1156 1347 1249 1392 hoe
1290 1350 1456 1411 legum
1493 1354 1618 1392 eate-

222 1442 310 1469 nus
329 1427 743 1487 praescriptarum
762 1426 955 1470 effectus
980 1433 1296 1487 procuretur,
1331 1425 1448 1472 hinc
1469 1427 1617 1471 etiam

223 1505 499 1564 complures
525 1506 571 1550 h.
603 1503 929 1549 resolutiones
960 1505 1168 1548 existere
1188 1537 1202 1561 ,
1239 1505 1412 1566 quibus
1444 1506 1616 1550 subor-

223 1592 298 1628 tae
323 1586 380 1628 de
408 1585 598 1628 decima
623 1583 928 1644 quaestiones
967 1583 1027 1625 ad
1059 1583 1262 1646 legalem
1309 1601 1444 1628 suam
1486 1600 1616 1628 com-

222 1665 490 1728 petentiam
513 1664 754 1724 relegatae
769 1664 1008 1707 hahentur
1020 1670 1149 1712 (nro.
1175 1673 1343 1717 15109.
1363 1663 1458 1708 aul.
1481 1674 1618 1712 1802.

224 1747 396 1792 Urbar.
442 1763 488 1806 p.
541 1754 581 1790 5.
637 1747 673 1791 §.
728 1752 803 1789 50.
855 1740 1190 1803 explanatoria
1232 1741 1423 1787 urharii
1476 1743 1615 1789 resol.

227 1843 275 1887 p.
313 1837 354 1872 5.
393 1831 430 1875 ὑ.
469 1831 565 1873 5.).

351 1906 529 1966 Leges,
557 1902 728 1964 quibus
759 1902 929 1947 modus
957 1902 1216 1964 exigendi,
1251 1911 1298 1948 et
1341 1903 1609 1948 arendandi

227 1985 438 2029 decimas
472 1984 724 2038 definitur,
750 1981 953 2027 articulo
987 1993 1025 2027 1.
1067 1986 1378 2036 1481.—29.
1410 1993 1617 2029 1500.—

228 2076 302 2114 50.
338 2069 474 2120 1619.
498 2089 561 2097 -—
592 2071 639 2108 et
665 2074 743 2111 23.
781 2064 917 2110 1655.
948 2060 1217 2116 contineri,
1239 2077 1300 2105 ne
1325 2068 1486 2105 autem
1510 2076 1622 2105 con-

227 2147 499 2190 tribuentes
529 2160 620 2206 per
646 2141 1037 2204 desumptionem
1076 2140 1378 2186 decimarum
1417 2141 1617 2186 arbitra-

232 2227 359 2271 riam
404 2225 785 2287 opprimantur,
833 2221 1126 2267 necessarias
1189 2229 1383 2267 eatenus
1425 2220 1617 2284 regulas

231 2307 436 2351 articulo
476 2315 553 2368 89.
591 2301 1066 2365 1655.praescriptas
1095 2302 1278 2347 haberi.

362 2387 639 2431 Tenores
694 2381 1117 2428 resolutionis
1165 2398 1268 2427 nro,
1308 2380 1400 2426 aul.
1452 2384 1620 2428 12845.

237 2468 371 2513 1815.
404 2477 478 2515 15.
511 2463 737 2509 octobris.
774 2461 942 2507 Medio
986 2460 1186 2506 Consilii
1226 2459 1351 2524 regii
1390 2459 1625 2504 locumte-

233 2544 458 2589 nentialis
497 2542 895 2602 jurisdictionum
933 2540 1309 2586 sollicitudinem
1337 2545 1382 2584 et
1425 2537 1626 2600 vigilan-

237 2623 355 2667 tiam
384 2639 440 2667 eo
470 2623 831 2684 provocandam
861 2621 1059 2675 venire,
1096 2627 1148 2663 ut
1190 2635 1314 2664 cum*
1352 2618 1402 2662 in
1434 2618 1626 2661 desum-

237 2702 404 2763 ptione
432 2720 580 2748 nonae
607 2711 653 2748 et
679 2704 895 2748 decimae
933 2717 1033 2747 non
1073 2701 1252 2762 ubique
1293 2697 1461 2744 eadem
1498 2699 1630 2761 legi-⁴

241 2784 328 2828 bus
380 2789 425 2828 et
473 2783 791 2830 urharialihus
824 2781 1212 2831 ordinationibus*
1239 2779 1499 2827 conformis
1544 2781 1624 2826 oh-
