1664 3204
188 215 361 250 XXVIII
620 214 1157 252 CONSPECTUS

1494 287 1586 334 Pag.

186 346 253 370 art.
293 348 327 377 4.
374 338 504 382 Quoad
528 338 768 382 birsagiorum
794 337 1060 381 desumptionis
1084 335 1343 368 tertialitatem.
1515 346 1583 378 33¹

195 411 324 445 Sec-tio
340 425 368 454 7·
400 413 457 446 De
482 415 625 445 interna
649 412 718 443 loci
742 409 1070 443 administratione.
1516 418 1585 452 332

185 480 251 505 art.
298 485 325 507 1.
353 474 411 506 De
435 469 717 514 obiigationibus
743 469 927 510 judicum,
955 476 989 502 et
1012 467 1083 502 loci
1112 469 1325 514 primorum.
1513 481 1581 513 332

209 537 257 544 ——
305 530 336 553 ⁴2.
365 520 540 551 Meritum
568 515 789 562 pendendae
826 515 1103 548 contributionis
1143 514 1292 548 uberius
1326 515 1454 551 diluci-

209 629 253 638 —
301 611 335 645 3.
362 611 420 644 De
437 563 585 652 ῗῑιιὲιιιίῐιία
610 609 748 642 colonis
771 621 817 643 ex
840 608 957 642 officio
982 608 1287 643 administranda.
1512 573 1582 654 ἓξὲξ

178 759 334 793 PARS
370 760 462 794 ΙΙΙ.
533 760 617 795 DE
654 759 1015 794 URBARIALI
1052 758 1453 795 INSTITUTO.

180 848 349 882 CAPUT
374 849 406 882 Ι.
465 850 520 884 De
548 848 720 882 urbariali
760 831 877 882 edicto
913 847 1106 892 eidemque
1137 847 1279 882 adnexa
1305 850 1447 894 regula·

440 898 565 939 tione,
592 904 626 930 et
651 898 835 942 primitiva
859 897 1096 929 instructione
1121 894 1308 929 urbariali.
1512 897 1578 939 341

181 974 249 1001 art.
288 980 317 1002 1.
343 969 401 1002 De
427 969 567 1004 urbario
590 971 802 1016 hungarico.
1296 968 1310 983 '⁵
1510 969 1580 1011 384

202 1032 250 1038 -—-
300 1026 332 1048 2.
360 1017 418 1050 De
442 1016 621 1051 banatico.
1509 1023 1578 1058 387

199 1079 246 1085 —
293 1062 325 1096 3.
353 1063 412 1095 De
435 1064 638 1098 differentia
661 1064 789 1097 horum
813 1063 1046 1097 urbanorum.
1507 1061 1577 1099 338

201 1125 247 1133 --
293 1118 327 1148 4.
353 1109 413 1142 De
447 1108 598 1152 objectis
624 1112 913 1155 inscriptionum,
948 1120 1036 1154 quas
1066 1110 1103 1142 in
1127 1111 1255 1156 spatiis
1281 1108 1443 1143 urbario-

433 1169 512 1190 rum
535 1160 659 1191 vacuis
691 1156 766 1189 fieri
793 1162 948 1202 oportet.
1507 1156 1573 1199 391

203 1219 249 1227 ·—
295 1213 330 1245 5·
359 1204 416 1236 De
439 1203 711 1249 prohibitorum
742 1214 780 1246 ¹5
808 1204 964 1247 punctis.
1506 1213 1576 1247 393

199 1267 243 1272 ——
291 1250 321 1280 6.
348 1249 408 1282 De
439 1249 650 1282 excessibus
676 1255 800 1280 contra
834 1246 1137 1280 introductionem
1173 1246 1307 1280 urbarii
1336 1249 1448 1281 etiam

431 1307 500 1340 ope
524 1296 692 1327 militaris
720 1294 951 1326 assistentiae
975 1292 1216 1326 vindicandis.
1506 1305 1575 1340 397

201 1360 245 1365 -—
292 1351 324 1382 7.
350 1342 410 1376 De
438 1343 583 1374 actione
610 1347 733 1373 contra
752 1340 985 1379 excedentes,
1013 1346 1074 1372 aut
1099 1341 1138 1373 in
1155 1338 1340 1373 urbarium
1363 1352 1446 1387 pec-

431 1395 557 1420 cantes
582 1398 648 1432 per
673 1385 799 1418 fiscum
825 1384 1009 1429 erigenda.
1505 1397 1575 1432 399

198 1453 243 1459 --
292 1439 324 1471 8.
351 1434 410 1467 De
433 1435 611 1466 mensuris
638 1431 819 1465 aridorum
844 1439 879 1464 et
902 1430 1136 1476 liquidorum,
1505 1436 1574 1477 400

176 1507 345 1542 CAPUT
375 1507 427 1542 ΙΙ.
465 1508 523 1541 De
556 1505 636 1539 basi
671 1512 706 1538 et
741 1512 939 1552 systemate
962 1505 1186 1547 ejectationis
1223 1508 1446 1541 constitutivi

442 1553 659 1594 urbarialis‚
697 1561 808 1598 atque
841 1555 1128 1599 praestationum
1162 1555 1449 1600 servitutumque

427 1599 680 1633 urbarialium.
1504 1602 1571 1646 403

173 1667 239 1694 art.
279 1672 309 1695 ι,
334 1661 394 1694 De
415 1661 644 1706 generalibus
672 1661 861 1707 principiis
892 1662 1098 1703 systematis
1126 1660 1248 1695 huius.
1496 1663 1565 1707 403

193 1727 240 1732 —
287 1718 320 1740 2.
346 1707 407 1741 De
431 1720 563 1741 novem
585 1708 872 1750 interrogatoriis
901 1709 1068 1752 punctis,
1113 1713 1223 1752 atque
1258 1709 1441 1752 examine,

433 1756 614 1800 simulque
638 1754 896 1786 connotatione
919 1753 966 1786 ad
993 1752 1121 1786 eadem
1151 1753 1308 1799 qualiter
1330 1762 1366 1789 et
1388 1766 1449 1789 cur

434 1800 667 1834 instituenda
682 1800 698 1832 ’ἒ
1496 1803 1567 1845 406

191 1858 238 1866 ’““
283 1861 317 1892 3.
345 1849 404 1883 De
432 1844 647 1887 beneficiis,
675 1854 710 1880 et
734 1845 922 1879 maleficiis
946 1845 1123 1880 locorum.
1496 1858 1567 1890 410

192 1911 237 1918 —-
284 1905 318 1935 4.
342 1895 401 1929 De
423 1896 704 1939 conscriptione,
731 1899 765 1925 et
788 1891 1067 1926 classificatione
1095 1894 1269 1936 locorum,
1297 1900 1332 1927 et
1355 1904 1439 1927 con-

425 1942 681 1974 stitutivorum.
1492 1950 1562 1980 412

191 2003 238 2011 -
285 1986 318 2021 5.
344 1987 403 2032 De
425 1987 619 2031 principiis
646 1985 760 2019 relate
786 1984 832 2017 ad
856 1987 1116 2031 conscriptores
1141 1985 1283 2019 defixis.
1495 1997 1566 2033 415

187 2050 234 2057 -
283 2034 314 2068 6.
340 2034 398 2066 De
422 2033 648 2067 dimensione
673 2033 890 2077 geometrica
914 2034 1242 2065 constitutivorum.
1489 2035 1561 2077 418

182 2107 350 2141 CAPUT
370 2108 443 2142 ΙΙΙ.
471 2107 530 2142 De
552 2104 796 2140 urbarialibus
821 2107 952 2140 annuis
979 2108 1332 2152 investigationibus.
1500 2114 1568 2150 428

169 2175 235 2201 art.
274 2177 303 2200 ι.
329 2168 388 2202 De
420 2169 659 2201 instructione
699 2173 852 2200 eatenus
888 2168 1100 2201 normaliter
1133 2171 1360 2215 praescripta
1394 2170 1433 2202 in

421 2220 596 2248 extractu.
1495 2221 1565 2257 428

202 2277 248 2284 -
295 2271 328 2293 2.
353 2260 413 2294 De
453 2257 739 2294 resolutionibus
775 2261 885 2304 regiis
910 2262 1115 2294 successive
1140 2269 1294 2295 eatenus
1335 2273 1431 2296 ema-

428 2309 536 2341 natis.
1490 2319 1560 2354 4⁹9

169 2379 336 2414 CAPUT
364 2380 430 2416 IV.
466 2382 527 2415 De
549 2379 794 2414 urbarialibus
821 2380 1131 2415 instructionibus.
1493 2391 1565 2427 434

159 2446 225 2471 art.
275 2452 304 2474 ι.
335 2440 395 2473 De
430 2441 673 2475 instructione
708 2453 773 2487 pro
807 2443 1027 2475 comissariis
1052 2444 1161 2488 regiis
1188 2445 1226 2476 in
1248 2454 1286 2477 re
1323 2443 1430 2477 urba-

429 2488 511 2520 riali
535 2488 581 2521 ad
607 2490 794 2521 comitatus
819 2490 998 2521 exmissis.
1484 2499 1555 2533 434

187 2550 234 2557 —
281 2541 314 2565 2.
340 2532 400 2566 De
424 2535 659 2567 instructione
683 2545 749 2580 pro
774 2534 1107 2579 magistratualibus
1126 2534 1346 2572 urbarialem
1371 2547 1426 2571 re·

415 2579 639 2624 gulationem
664 2579 932 2627 exequentibus
959 2581 1200 2618 deserviente.
1490 2583 1562 2623 436

163 2652 329 2688 CAPUT
351 2653 397 2686 V.
425 2652 485 2687 De
510 2652 749 2688 urbatialibus
776 2657 1039 2691 instrumentis.
1489 2667 1561 2703 454

161 2719 230 2748 ειη.
271 2723 301 2744 1.
326 2713 384 2746 De
408 2712 553 2746 tabellis
577 2711 835 2750 urbarialibus.
1488 2727 1559 2762 454

182 2778 226 2787 -—-·
274 2769 305 2795 ω.
333 2758 390 2792 De
415 2758 506 2794 libro
533 2759 714 2795 funduali-
1487 2774 1556 2808 457

1645 330 1650 341 ι
1632 142 1634 147 .

1644 350 1651 380 t

1656 1072 1660 1080 s
1652 1031 1654 1035 -
1648 958 1659 1017 sag..
1647 832 1658 937 ...rA—vz
1634 381 1656 812 “AI-affl*
1640 391 1644 397 ⁴
