1664 3204
694 214 761 225 uw-
820 201 897 228 212
957 210 1024 222 vv·-

167 321 255 367 per
288 304 477 348 colonos
511 302 700 345 filatum
743 304 967 359 praestet.
1061 293 1200 340 Instr.
1234 311 1364 357 exeq.
1408 307 1535 356 mag.

170 401 270 446 cap.
298 385 350 428 V.
376 383 413 440 ᾗ.
443 391 516 426 22.

294 465 355 506 Ut
379 461 426 502 in
453 472 560 501 casu
587 456 734 500 etiam
770 454 852 499 illo
871 487 884 510 ,
922 454 959 498 si
988 455 1187 499 canabes
1208 460 1254 496 et
1281 452 1436 496 linum
1465 468 1539 496 co-

167 542 291 585 lonis
312 554 405 582 non
434 541 733 590 crescerent,
770 534 906 578 abiis
936 534 1126 578 filatura
1151 532 1359 577 dominis
1387 533 1541 576 obser-

167 627 274 663 vata
314 623 508 661 eatenus
547 615 816 660 sessionum
852 614 1080 675 qualitate
1123 613 1213 657 rite
1251 617 1543 673 praestetur,

168 701 285 743 haec
311 695 569 758 praestatio
610 693 796 739 tabellis
822 694 872 738 in
909 693 1105 736 rubrica
1132 707 1286 736 nonae
1322 689 1544 752 specifice

166 781 427 828 inseratur,
458 787 591 823 1775.
619 774 694 820 die
719 780 795 822 24.
827 790 934 836 aug.
965 789 1067 818 nm.
1098 778 1236 826 5943.

694 922 812 958 ΛΒΤ.
847 923 921 956 XI.

170 1006 243 1050 De
278 1018 399 1049 nona
423 1002 476 1047 ab
504 1000 629 1063 agris
657 1000 703 1043 in
733 998 879 1042 locum
912 1005 1150 1057 pratorum
1194 996 1273 1039 vel
1301 993 1550 1039 clomalium

390 1082 639 1140 fundorum
671 1077 938 1133 assignatis,
973 1085 1016 1119 et
1045 1075 1144 1119 vice
1167 1088 1312 1119 versa.

300 1194 367 1236 Ex
415 1191 541 1252 agris
596 1190 646 1233 in
678 1189 842 1232 locum
873 1193 1129 1247 pratorum
1165 1183 1239 1228 vel
1285 1179 1554 1227 domalium

169 1271 436 1316 fundorum
473 1270 525 1313 in
563 1266 924 1311 constitutivum
963 1262 1227 1326 assignatis,
1278 1277 1404 1307 nona
1455 1277 1553 1306 non

172 1359 327 1414 potest
352 1348 620 1404 desummi,
668 1362 756 1391 nec
779 1363 835 1390 ex
869 1344 1127 1390 nascentiis
1157 1360 1215 1388 ex
1249 1341 1456 1388 secunda
1485 1339 1554 1383 in-

174 1429 490 1476 seminatione
521 1426 799 1489 productis,
861 1432 906 1470 et
930 1425 1078 1470 semel
1123 1440 1300 1469 nonam
1337 1422 1437 1485 jam
1476 1422 1554 1465 de-

174 1508 518 1568 pendentibus,
543 1521 673 1550 nona
692 1504 769 1548 vel
787 1504 977 1547 decima
1002 1504 1163 1548 locum
1187 1503 1345 1546 habet.
1380 1502 1553 1547 Urbar.

176 1605 223 1648 p.
253 1599 293 1633 5.
330 1586 367 1644 ᾗ.
397 1598 438 1633 3.

307 1663 635 1709 Instructionis
673 1679 810 1723 exeq.
838 1678 965 1722 mag.
998 1678 1098 1720 cap.
1120 1661 1175 1703 V.
1201 1659 1238 1717 §
1263 1670 1341 1706 22.
1375 1660 1556 1715 statuit,

180 1749 238 1791 ab
261 1746 387 1808 agris
414 1745 536 1800 illis,
572 1745 653 1804 qui
680 1744 731 1786 in
766 1741 952 1786 defectu
978 1739 1259 1796 foenilium,
1312 1746 1394 1783 aut
1417 1738 1557 1784 fundi

179 1824 446 1871 sessionalis
488 1821 785 1866 intravillani
809 1821 886 1864 vel
921 1826 1179 1880 pratorum
1221 1817 1557 1864 sessionalium

176 1905 227 1949 in
274 1904 454 1946 horum
506 1898 913 1960 adaequationem
959 1899 1127 1942 colono
1168 1899 1557 1959 assignabuntur,

177 1999 302 2028 nona
327 1979 563 2041 exigenda
592 1979 725 2022 haud
755 1977 870 2031 erit,
897 1977 1025 2020 unde
1055 1976 1390 2038 consequitur,
1428 1977 1560 2038 quod

179 2061 338 2106 totalis
362 2058 634 2105 istiusmodi
661 2055 993 2118 adjustationis
1014 2056 1246 2116 capacitas
1262 2089 1276 2113 ,
1319 2057 1370 2101 in
1392 2072 1563 2100 nume-

182 2157 291 2184 rum
330 2140 614 2202 jugerorum
653 2136 850 2190 reduci,
915 2135 1213 2197 reductaque
1257 2135 1455 2181 indilate
1503 2136 1562 2181 ad

182 2218 430 2263 rubricam
463 2217 546 2261 sub
580 2232 680 2259 nro.
723 2218 795 2261 10.
834 2214 987 2258 inseri
1012 2214 1184 2270 debet,
1220 2215 1433 2277 haecque
1459 2216 1564 2278 ipsa

188 2298 427 2359 quantitas
455 2314 508 2341 ex
529 2295 790 2356 capacitate
812 2293 861 2339 in
889 2294 1096 2339 rubricis
1124 2305 1167 2348 4.
1195 2302 1242 2340 et
1268 2308 1308 2343 5.
1343 2303 1565 2340 contenta

188 2380 368 2423 calculo
405 2375 716 2421 arithmetico
759 2375 1081 2420 subtrahenda
1115 2375 1230 2431 erit,
1266 2376 1482 2436 adeoque
1511 2375 1566 2419 in

190 2457 562 2519 competentiam
589 2455 761 2500 calculi
782 2471 934 2500 nonae
966 2455 1085 2499 illud
1106 2462 1343 2508 sumatur,
1381 2456 1510 2516 quod
1540 2472 1567 2499 a

189 2552 383 2597 praev-la
415 2536 604 2579 ratione
636 2536 851 2578 detracto
885 2535 1204 2590 remanserit,
1248 2552 1301 2578 ac
1331 2551 1419 2596 per
1456 2551 1568 2578 con-

191 2630 386 2673 sequens
416 2615 536 2657 illud
562 2614 722 2675 ipsum
756 2631 847 2675 pro
890 2630 1000 2658 casu
1027 2613 1196 2668 electi,
1243 2614 1313 2657 vel
1339 2613 1570 2658 determi-

192 2694 290 2739 nati
328 2693 377 2736 in
415 2693 615 2737 robottis
646 2693 990 2754 aequivalentis
1024 2694 1073 2737 in
1106 2693 1311 2737 rubricis
1347 2695 1434 2738 sub
1461 2711 1568 2740 nro,

194 2776 237 2821 Ο.
283 2778 328 2816 et·
365 2783 403 2818 ἵ.
448 2778 515 2814 tot
554 2772 655 2815 dies
698 2772 1066 2833 exprimantur,
1115 2779 1228 2833 quot
1257 2787 1434 2834 nempe
1467 2772 1569 2819 dies
