1664 3204
632 142 700 153 a»...
763 137 839 175 117
898 141 967 154 ..-

99 227 451 290 conscriptione
476 230 881 274 assumendarum
907 229 1214 273 desertarum
1232 233 1482 274 terrarum

97 308 528 353 determinandum
548 342 560 363 ,
600 309 817 372 adeoque
844 309 897 353 in
924 307 1098 353 ordine
1149 309 1208 352 ad
1249 308 1490 369 quaestio-

95 405 210 433 nem
253 388 305 433 in
342 405 398 433 eo
445 390 844 447 subversantem,
896 406 923 433 a
957 406 1050 451 quo
1094 387 1314 450 praecise
1364 404 1487 432 anno

99 468 280 514 deserti
308 469 448 514 fundi
488 470 541 513 in
575 470 818 513 calculum
850 486 1054 525 eorum,
1090 477 1137 513 et
1161 470 1366 525 tahum,
1401 468 1487 530 qui

101 564 128 591 a
154 548 308 593 fundo
336 548 742 593 contributionali
779 548 920 592 avelli
953 565 1051 592 non
1072 555 1306 609 possunt,
1343 554 1392 592 et
1415 564 1488 592 re-

98 627 310 688 spective
334 628 485 673 avulsi
513 626 962 687 indispensabiliter
991 643 1194 671 rursum
1219 626 1488 688 reapplica-

98 706 142 749 ri
168 707 347 750 debent
369 739 383 762 ,
420 702 746 749 sacratissima
778 720 865 748 sua
893 719 1117 748 caesareo
1146 707 1284 765 regia
1307 716 1354 752 et
1378 724 1490 769 apo·

94 789 264 835 stolica
289 786 515 848 Majestas
550 786 675 831 hanc
723 785 774 830 in
809 802 917 830 rern
955 785 1320 833 occurrentibus
1350 789 1490 833 reste«

91 867 317 913 xionibus
365 865 727 928 aequanimiter
775 881 827 909 ac
864 865 912 913 b.
954 865 1177 927 expensis
1217 868 1487 912 clementer

91 948 339 992 resolvere
376 946 573 1009 dignata
598 953 692 1001 est,
729 953 783 990 ut
815 945 1063 991 talismodi
1099 946 1284 993 deserti
1340 946 1485 992 fundi

93 1028 169 1073 illi
199 1029 385 1084 solum,
424 1025 508 1088 qui
532 1024 734 1088 triginta
760 1033 894 1071 retro
923 1026 1101 1072 abhinc
1129 1028 1264 1073 annis
1296 1028 1357 1072 ad
1377 1043 1487 1071 usus

91 1108 408 1152 dominorum
426 1104 739 1150 terrestrium
752 1106 1216 1168 privatossappliciti
1233 1115 1360 1163 sunt,
1378 1123 1489 1152 con·

87 1187 347 1233 tributioni
372 1186 721 1240 restituantur,
757 1203 847 1247 per
891 1202 1187 1247 consequens
1233 1188 1293 1232 ad
1345 1186 1487 1242 illos,

91 1275 137 1312 et
164 1268 280 1311 tales
308 1266 467 1310 coloni
492 1265 896 1321 introducantur,
933 1282 1023 1327 pro
1059 1282 1116 1309 eo
1167 1283 1284 1310 vero
1342 1282 1484 1320 casu,

88 1346 128 1390 si
154 1344 342 1389 domini
372 1351 624 1389 terrestres
659 1344 825 1389 medio
870 1353 1094 1406 tempore
1142 1345 1195 1390 in
1236 1344 1484 1408 ejusmodi

89 1424 290 1470 desertis
317 1423 480 1468 fundis
517 1423 809 1468 residentias
858 1441 964 1469 suas
1003 1424 1306 1485 posuissent,
1362 1425 1482 1471 alios

89 1505 139 1549 in
170 1506 352 1549 horum
378 1503 538 1549 vicem
566 1504 796 1565 qualitate
835 1511 883 1549 et
922 1506 1193 1566 quantitate
1236 1522 1378 1566 pares
1415 1521 1489 1548 co-

87 1585 209 1630 lonis
236 1585 532 1630 substituere
555 1592 808 1630 teneantur
834 1602 846 1642 3
888 1586 1023 1630 saluo
1050 1585 1338 1648 ceteroquin
1385 1592 1487 1629 tam

88 1683 177 1728 pro
211 1665 486 1727 praeterito
519 1681 768 1727 quampro
794 1666 961 1709 futuro
994 1665 1067 1712 tit.
1106 1673 1181 1714 40.
1216 1673 1328 1728 part
1372 1673 1484 1711 1mae

87 1746 140 1789 in
166 1744 357 1789 casibus
386 1744 685 1789 divisionum
723 1745 966 1789 declarato
994 1744 1186 1801 favore,
1224 1762 1281 1789 eo
1318 1752 1485 1789 tamen

90 1822 348 1868 districtim
385 1823 720 1880 observando,
757 1831 809 1867 ut
841 1823 880 1868 si
907 1823 1155 1886 quispiam
1173 1825 1486 1870 dominorum

89 1902 403 1947 terrestrium
440 1903 616 1948 fundos
640 1903 886 1965 ejusmodi
919 1904 1136 1948 desertos
1184 1903 1235 1949 in
1271 1922 1382 1949 casu
1420 1905 1489 1948 di-

89 1984 285 2030 visionis
310 1982 478 2027 usibus
529 1982 624 2027 suis
661 1983 863 2044 privatis
904 1983 1158 2045 applicitos
1202 1985 1487 2045 praetende-

91 2073 199 2120 ret,
236 2082 371 2109 casus
400 2065 519 2109 tales
557 2064 774 2126 specifici
821 2064 984 2110 debite
1020 2065 1408 2129 investigentur,
1437 2071 1485 2108 et

90 2161 180 2206 per
207 2152 552 2189 concernentes
591 2144 951 2206 jurisdictiones
1003 2146 1276 2191 secundum
1314 2160 1483 2190 omnes

92 2225 478 2270 circumstantias
517 2226 656 2288 regio
680 2227 884 2270 locumt.
910 2226 1144 2281 Consilio,
1196 2224 1370 2270 abhinc
1406 2242 1482 2269 ve.

93 2321 149 2350 ro
208 2305 454 2366 Majestati
494 2322 609 2350 suae
650 2305 999 2350 sacratissimae
1041 2304 1251 2350 demisse
1290 2322 1484 2367 reprae-

91 2393 377 2439 sententur,
415 2402 509 2448 quo
539 2386 673 2431 sicfsi
701 2386 858 2432 nefors
891 2403 1024 2431 casus
1059 2386 1305 2433 divisionis
1344 2403 1483 2448 prae..

91 2466 184 2511 eise
210 2483 299 2528 pro
337 2474 598 2527 praetextu
638 2474 913 2527 assumptus
956 2467 1152 2524 suisset,
1199 2485 1358 2529 neque
1410 2469 1482 2529 ju-

95 2554 223 2590 stum
254 2547 303 2590 in
334 2562 389 2590 eo
418 2546 724 2608 praesidium
774 2548 1154 2608 comperiretur,
1201 2555 1482 2610 opportuna

95 2642 209 2670 mox
236 2642 328 2687 pro
363 2626 619 2673 securitate
651 2627 784 2672 fundi
812 2627 1231 2675 contributionalis
1281 2628 1478 2691 disponi

94 2709 297 2754 valeant.
