1664 3204
462 191 1090 227 NTRODUCTIO.
1387 195 1460 232 XV

61 311 131 348 tas
160 302 252 346 hoc
281 304 422 362 pacto
458 297 648 360 juribus
672 298 723 343 in
746 305 942 343 attactos
964 298 1153 356 fundos,
1180 300 1239 345 ab
1266 299 1459 362 origine

64 394 425 444 constitutionis
452 393 541 438 sibi
563 395 971 456 competentibus,
998 410 1054 441 ea
1079 394 1376 453 conditione,
1400 415 1460 443 ne

63 510 183 539 onus
205 491 461 536 inhaereat
493 490 669 546 fundo,
712 490 795 534 sed
820 490 873 533 id
896 492 1024 553 quod
1046 489 1211 536 nesors
1234 493 1461 549 eandem,

60 588 246 635 casibus
282 589 391 649 lege
426 585 634 646 exceptis
663 585 759 628 huc
791 601 888 629 non
922 585 1211 644 intellectis,
1256 606 1351 651 quo
1376 590 1458 634 de-

59 698 393 744 mumcunque
419 681 592 724 obtutu
631 677 828 735 feriret,
872 678 1115 725 beneficio
1140 688 1343 728 attactae
1370 700 1465 730 ces-

60 779 212 825 sionis
240 778 292 822 in
319 776 712 820 emolumentum
744 780 918 830 status,
956 781 1004 819 et
1024 773 1246 836 ipsorum
1274 779 1465 825 colono-

60 890 202 927 rum,
260 886 350 932 per
397 870 595 915 eosdem
646 869 802 914 velut.
836 875 1084 914 terrarum
1134 870 1466 920 domim-{lium

60 966 449 1012 usufructuarios
494 966 724 1011 oneribus
747 951 960 1027 publicis
984 964 1170 1010 idcirco
1200 968 1459 1030 subjectos,

64 1064 150 1108 sub
177 1063 299 1124 legis
325 1061 497 1123 aegide
526 1060 625 1122 jam
654 1069 848 1118 stantes,
897 1070 1248 1124 compensetur
1283 1070 1330 1107 et
1360 1080 1469 1109 con-

63 1157 338 1212 tribuatur3
378 1163 520 1217 atque
546 1156 706 1199 cautio
735 1156 818 1201 illa
836 1189 849 1212 ,
886 1172 1009 1219 quae
1036 1158 1222 1203 intuitu
1245 1157 1467 1203 defectus

69 1252 446 1298 contributionis
498 1267 556 1294 ex
598 1259 738 1312 parte
777 1253 1094 1298 dominorum
1142 1252 1471 1307 terrestrium,

65 1348 196 1391 salvo
225 1347 284 1388 ad
318 1344 513 1387 colonos
544 1361 790 1406 regressu,
827 1346 1069 1390 sarciendi
1095 1347 1147 1391 in
1171 1347 1467 1408 germanicis

63 1438 406 1485 haereditariis
438 1437 708 1483 ditionibus
744 1439 904 1483 locum
934 1440 1112 1496 habet,
1161 1442 1222 1485 ad
1250 1442 1471 1488 dominia

66 1537 119 1580 in
146 1536 396 1598 Hungaria
425 1535 559 1579 haud
588 1542 783 1580 extensa
807 1536 1121 1598 intelligatur.

195 1633 297 1676 Hoc
325 1638 488 1675 autem
521 1638 777 1692 systemate
802 1631 853 1675 id
881 1630 1135 1676 obtentum
1167 1638 1295 1688 erat,
1341 1633 1471 1693 quod

71 1723 213 1770 fundi
235 1725 521 1771 colonicales
539 1759 552 1782 ,
590 1742 804 1789 quorum
833 1726 1058 1771 eminens
1085 1726 1365 1789 proprietas
1392 1728 1473 1771 ἀοι

72 1822 283 1866 minium
323 1822 552 1884 respicit,
614 1822 1029 1883 conscriptionem
1060 1822 1212 1867 semel
1242 1821 1470 1884 ingressi,

74 1933 159 1960 seu
183 1933 209 1960 a
235 1933 452 1979 quorum
480 1916 761 1979 productis,
812 1924 862 1961 et
903 1914 1276 1979 appertinentiis
1300 1915 1474 1960 contri-

74 2011 211 2056 butio
235 2013 544 2074 pendebatur
563 2047 576 2069 ,
625 2013 834 2075 amplius
861 2029 886 2056 a
916 2012 1067 2057 fundo
1093 2012 1475 2058 contributiona-

73 2105 136 2161 li,
172 2105 267 2150 nisi
296 2107 348 2150 in
375 2124 487 2153 casu
509 2108 660 2171 legis,
706 2110 842 2154 nulla
873 2109 1065 2154 ratione
1099 2107 1240 2152 avelli
1268 2106 1471 2168 possint,

72 2198 282 2260 proinde
315 2209 414 2247 tam
448 2203 617 2266 vigore
645 2204 839 2266 legum,
877 2220 1023 2266 quam
1053 2212 1101 2249 et
1137 2204 1183 2248 b.
1212 2203 1472 2248 urbarialis

74 2297 384 2358 provisioniS,
422 2300 639 2346 absoluta
674 2302 1009 2347 dominiorum
1040 2315 1149 2344 cum
1177 2297 1340 2343 fundis
1366 2314 1474 2342 con-

78 2393 478 2441 tributionalibus
511 2396 802 2458 disponendi
837 2403 1047 2458 potestas
1084 2395 1244 2440 taliter
1268 2393 1369 2454 jam
1399 2410 1473 2438 re-

80 2490 245 2533 stricta
285 2488 370 2546 sit,
419 2491 723 2554 eandemque
758 2491 937 2537 fundus
971 2488 1390 2535 contributionalis
1419 2487 1474 2531 in

77 2581 420 2625 necessitatem
449 2583 725 2642 publicam,
762 2584 1137 2629 intertenendae
1173 2583 1353 2645 quippe
1384 2581 1474 2625 mi-

79 2674 223 2730 litae,
264 2683 310 2719 et
353 2679 526 2721 ceteris
569 2680 774 2740 puhlicis
821 2680 1050 2725 oneribus
1077 2679 1210 2742 juxta
1247 2684 1472 2721 tractatus

85 2769 357 2817 comitiales
396 2772 694 2827 destinatus,
746 2775 837 2819 sibi
883 2774 1067 2819 merito
1102 2772 1360 2819 vendicare
1402 2770 1477 2814 de-
