1664 3204
650 261 719 273 ..m
779 238 833 297 69
891 246 961 273 m'.

580 347 853 394 SECTIO
907 348 1011 393 VII.

103 439 186 483 De
227 440 527 485 communi
562 459 627 487 us
645 460 675 486 u
716 440 1140 503 pascuationis
1191 447 1251 487 et
1296 441 1490 504 ligna-

103 515 301 563 tionis
335 521 545 581 plures
615 536 1155 583 compossessores
1215 521 1490 568 dominos

137 604 517 655 terrestres,
553 602 1030 662 eorundemque
1069 603 1320 648 colonos
1356 618 1441 647 re-

645 697 663 724 s
675 698 705 741 p
722 680 738 723 i
755 697 776 724 c
790 681 805 723 i
819 696 843 724 e
859 699 890 725 n
904 687 922 724 t
938 696 979 725 e.

229 778 406 822 Adsunt
424 777 676 839 exempla,
715 777 800 822 ubi
826 777 878 821 in
913 777 1293 824 donationalibus
1320 774 1465 839 regiis
1482 808 1495 831 ,

106 866 153 903 et
189 857 579 902 consensualibus
617 874 728 901 usus
764 857 1083 918 pascuationis
1124 865 1169 901 et
1212 856 1490 918 lignationis

104 942 154 985 in
179 938 318 1001 sylvis
339 938 399 982 ad
421 938 621 1000 aliquod
645 937 917 983 dominium
934 971 946 993 ,
990 939 1126 1000 cujus
1158 937 1325 999 plures
1365 951 1496 980 com-

107 1035 408 1082 possessores
447 1026 556 1064 sunt
571 1051 584 1074 ‚
639 1018 962 1080 spectantibus
1008 1018 1154 1062 etiam
1192 1035 1281 1080 pro
1319 1016 1501 1062 colonis

103 1099 156 1145 in
184 1101 364 1145 collatis
392 1097 696 1160 portionibus
734 1097 1062 1146 habitantibus
1089 1098 1286 1143 collatus
1323 1104 1408 1142 est.

236 1180 400 1225 Solent
448 1187 613 1222 tamen
653 1179 811 1223 coloni
859 1179 910 1223 in
961 1179 1345 1240 recognitionem
1383 1176 1503 1239 juris

79 1272 83 1278 '
109 1259 369 1305 dominalis
401 1276 426 1303 a
451 1274 627 1320 pascuo
656 1258 740 1302 tali
778 1275 932 1302 unum
974 1259 1296 1304 laboratorem
1334 1274 1506 1320 suppe-

109 1341 293 1394 ditare,
331 1346 379 1381 et
403 1337 611 1398 insuper
638 1338 884 1383 urbariale
914 1339 1135 1384 butirum
1175 1337 1380 1401 proprio
1416 1352 1501 1381 suo

109 1419 306 1464 domino
330 1425 590 1481 praestare.

241 1499 469 1563 Quaestio
492 1500 639 1555 haec,
675 1515 735 1544 an
761 1515 870 1545 usus
899 1499 1002 1545 talis
1029 1516 1118 1561 pro
1144 1498 1475 1545 censualistico
1496 1529 1509 1550 ‚

110 1585 185 1630 vel
219 1599 335 1628 vero
371 1581 607 1626 urbari-ali
653 1582 844 1626 censeri
892 1582 1091 1636 debeat,
1139 1579 1435 1642 praesertim
1473 1577 1513 1622 si

112 1667 197 1710 illa
225 1665 367 1710 unius
409 1663 697 1710 laboratoris
742 1663 1007 1725 praestatio
1047 1660 1375 1707 urbarialibus
1408 1674 1516 1704 exe-

116 1745 436 1791 cutionalibus
481 1743 886 1788 testimonialibus
919 1742 1102 1786 inserta
1138 1758 1235 1786 non
1272 1740 1360 1795 sit,
1412 1739 1516 1800 opi-

116 1826 259 1870 nione
284 1824 630 1870 nonnullorum
666 1837 861 1883 semper
896 1838 987 1882 pro
1033 1820 1295 1876 urbariali,
1331 1819 1524 1881 rectius¹

124 1913 288 1950 tamen
330 1921 440 1949 usus
482 1904 561 1947 hic
605 1919 696 1964 pro
733 1901 1098 1955 censualistico‚
1145 1916 1235 1961 pro
1284 1897 1521 1944 urhariali

121 1993 284 2030 autem
318 2001 435 2046 erga
478 1983 860 2044 praestationem
895 1980 1047 2024 butiri
1088 1980 1217 2024 velut
1251 1976 1406 2022 datiae
1441 1992 1520 2021 ur-

122 2064 319 2109 barialis
358 2063 653 2125 reputandus
692 2069 792 2119 est3
827 2059 1183 2105 observandum
1217 2075 1358 2113 vero,
1393 2056 1521 2117 quod

124 2160 373 2205 nunquam
399 2142 581 2204 potiori
614 2141 831 2186 dominio
866 2139 1168 2194 terrestrali‚
1205 2138 1334 2182 salvo
1373 2143 1516 2197 syste-

126 2230 254 2268 mate
287 2223 521 2267 urbariali
554 2222 744 2266 admitti
772 2220 945 2282 possit,
1003 2225 1054 2263 ut
1086 2218 1276 2262 colonos
1305 2232 1527 2278 compor-

131 2303 424 2348 tionatorum
475 2319 500 2346 e
543 2301 795 2347 beneficiis
838 2301 896 2344 ab
939 2298 1085 2353 olim,
1134 2304 1181 2341 et
1223 2304 1331 2341 ante
1375 2295 1525 2341 etiam

129 2384 318 2428 urbarii
357 2383 772 2429 introductionem
802 2375 867 2426 in'
890 2379 1233 2425 communione
1268 2393 1379 2422 cum
1416 2373 1527 2419 reli-

133 2465 237 2527 quis
285 2463 516 2509 coincolis
559 2463 740 2509 usitatis
788 2461 1027 2509 excludat,
1087 2461 1273 2504 Verum
1307 2456 1350 2502 si
1402 2469 1524 2517 quae

132 2544 380 2591 occasione
414 2543 676 2588 introducti
709 2542 896 2588 urbarii
932 2558 1022 2603 pro
1054 2548 1191 2602 parte
1222 2536 1426 2600 potioris
1459 2542 1523 2579 ta·

132 2627 192 2671 lis
230 2623 418 2670 domini
454 2623 696 2669 terrestris
734 2622 941 2667 stabilita
973 2627 1042 2665 est
1078 2617 1364 2682 praestatio,
1402 2614 1526 2659 colo-

135 2705 187 2751 ni
236 2712 428 2750 eatenus
467 2703 751 2766 obligationi
799 2702 1107 2756 satisfacere,
1152 2698 1368 2745 dominia
1410 2709 1524 2739 vero

138 2785 334 2831 eosdem
391 2784 441 2830 in
483 2801 573 2830 usu
632 2783 967 2829 communium
1012 2797 1124 2827 cum
1181 2778 1284 2826 aliis
1348 2771 1528 2821 colonis
