1664 3204
588 168 655 178 m.
720 146 796 202 ,39
860 167 928 178 „m

71 251 302 296 stentium
343 248 623 309 dijudicatio
658 253 718 297 ad
750 252 914 297 sedem
958 246 1262 295 domin-alem
1306 247 1464 292 neuti-

75 348 219 392 quam
266 330 533 391 pertineat,
592 331 705 375 hinc
754 331 806 375 in
864 329 1205 375 conformitate
1260 326 1306 372 1).
1375 343 1464 370 re-

74 411 423 455 solutionis
463 411 685 471 regiae
722 426 916 471 penes
957 408 1330 454 comitatum
1378 408 1467 450 ba-

70 490 239 535 csien
261 508 386 535 sem
432 489 717 551 dispositum
742 496 829 543 est,
876 497 929 532 ut
972 487 1336 532 immunitatem
1375 502 1468 531 ses-

71 571 216 615 sionis
266 570 574 632 parochialis,
612 576 658 612 et
686 568 953 612 fundorum
991 569 1052 612 ad
1093 569 1215 613 hanc
1248 574 1461 629 spectan-

69 649 221 704 tium,
285 651 344 694 ab
375 649 507 693 omni
545 647 867 692 dominalium
919 647 1261 692 obventionum
1311 663 1463 692 onere

68 729 118 773 in
154 745 296 774 sensu
337 729 479 790 legis,
532 734 579 770 et
631 727 930 771 normalium
967 727 1327 773 resolutionum
1370 744 1460 789 pro

68 824 272 852 munere
305 824 390 852 suo
413 814 755 862 manuteneat,
804 814 848 852 et
871 807 921 850 in
959 814 1189 868 quantum
1215 806 1461 851 hortulani

66 887 271 949 parochi
339 889 399 932 ad
452 888 859 949 subinquilinares
904 888 1257 949 praestationes
1302 886 1457 931 adacti

66 967 289 1025 fuissent,
329 969 401 1014 his
439 970 632 1030 plenam
662 968 1128 1014 indemnisationem
1155 976 1400 1029 procuret,

195 1053 306 1096 Nro.
333 1055 474 1099 4734.
498 1050 592 1094 aul.
633 1059 771 1098 1812.
798 1062 839 1105 1,
865 1049 1004 1099 maii,

557 1216 822 1261 SECTIO
871 1216 994 1259 VIII.

328 1353 400 1396 De
427 1351 588 1408 fundis
618 1367 697 1412 per
731 1353 975 1396 servitores
1024 1353 1173 1397 tentis,

204 1474 361 1519 Fundi
397 1475 674 1520 immobiles
729 1492 819 1536 per
879 1476 1136 1520 servitores
1200 1476 1461 1521 domi-nates

66 1555 184 1600 tenti
224 1573 250 1600 a
293 1556 655 1601 contributione
686 1556 834 1599 eximi
872 1573 971 1600 non
993 1562 1221 1616 possunt,
1257 1558 1461 1618 proinde

71 1636 233 1680 eidem
270 1637 559 1699 subjiciendi
584 1638 807 1681 veniunt.
851 1637 990 1681 Idem
1026 1636 1171 1680 etiam
1212 1637 1270 1681 de
1315 1637 1464 1680 comi-

67 1717 328 1761 tatensibus
381 1717 793 1771 conventionatis,
851 1723 897 1759 et
940 1717 1111 1759 ceteris
1150 1717 1465 1760 servitoribus

69 1797 444 1859 intelligendum
479 1804 576 1853 estf,v
615 1813 670 1841 eo
698 1796 892 1852 addito,
930 1797 1061 1858 quod
1098 1813 1343 1840 concessae
1373 1797 1463 1850 his,

70 1883 116 1919 et
150 1874 385 1919 similibus
421 1875 681 1920 individuis
720 1894 745 1920 a
784 1875 1142 1920 contributione
1185 1876 1466 1919 immunita-

69 1956 127 2000 tis
151 1973 269 2001 onus
300 1956 404 2000 aliis
430 1957 716 2017 impositum
745 1973 854 2000 cum
894 1973 949 2000 eo
987 1957 1116 2018 quod
1140 1957 1359 2007 interest,
1390 1955 1462 2000 his

74 2044 120 2081 et
150 2036 198 2081 in
226 2052 390 2081 casum
412 2035 636 2081 falcidiae
664 2035 813 2081 fundo
845 2036 1245 2082 contributionali
1262 2036 1459 2099 publico

70 2116 291 2161 resarciri
323 2116 511 2162 debeat.

526 2267 532 2276 “
559 2270 585 2314 S
604 2270 640 2313 E
657 2266 835 2314 CTIO
882 2270 965 2314 IX.

255 2378 328 2422 De
363 2377 486 2432 agris
521 2378 567 2423 in
601 2379 758 2422 hortos
792 2377 916 2423 haud
951 2376 1280 2424 convertendis.

198 2484 289 2530 Pro
330 2484 491 2531 futuro
525 2487 796 2531 nullatenus
825 2486 1126 2543 admittatur,
1162 2494 1214 2531 ut
1241 2485 1344 2548 agri
1371 2502 1461 2531 ses-

72 2564 275 2609 sionales
319 2583 428 2611 cum
463 2567 717 2629 dispendio
749 2568 1072 2630 agriculturae
1098 2568 1148 2612 in
1187 2567 1461 2612 fructiferos

71 2647 235 2692 hortos
286 2654 644 2698 convertantur,
707 2648 845 2693 Instr.
903 2663 1036 2709 exeq.
1078 2665 1155 2692 ma

1160 2666 1202 2710 g.
1249 2664 1351 2708 cap.
1405 2647 1459 2690 V.

71 2727 112 2787 §.
146 2740 214 2779 12.
253 2729 467 2775 florentis
510 2729 834 2793 agriculturae
862 2735 1003 2775 status
1046 2735 1092 2775 et
1131 2729 1458 2792 agricolarum
