1664 3204
739 224 799 236 n«-
865 221 879 243 ι
889 207 941 247 30
1002 226 1070 237 ms·

209 318 449 364 tutionem
478 312 860 375 impedientem,
909 310 1000 355 sibi
1048 313 1371 372 praescidisse
1408 330 1603 365 censenb

204 405 317 453 tur,
354 397 544 441 alterius
593 397 781 447 autem,
829 391 959 452 quod
1000 392 1037 436 si
1081 395 1495 455 compromissum
1534 393 1602 438 ita

209 477 473 526 stilisetur,
511 477 562 513 ut
610 478 774 532 partes
825 470 1063 517 decisione
1111 472 1239 517 illius
1286 472 1489 535 judicis,
1546 473 1600 517 in

209 572 352 618 quem
397 550 864 613 compromiserunt,
909 560 1149 614 perpetuo
1203 558 1454 598 contentae
1504 569 1605 598 esse

207 635 441 683 debeant,
479 637 588 674 tunc
612 631 743 692 parti
764 632 1096 677 succumbenti
1134 648 1223 676 nec
1260 647 1441 677 novum
1478 632 1603 694 judi-

204 714 334 756 cium
369 710 688 766 concedatur,
747 711 859 772 quia
892 711 1154 772 praemissa
1192 711 1403 756 clausula
1439 712 1604 756 omnia

201 789 413 852 juridica
430 791 648 836 remedia
667 790 896 846 excludit,
927 808 1090 836 sensus
1113 799 1273 836 tamen
1297 789 1605 850 judicialium

203 873 379 915 harum
418 872 716 916 decisionum
764 871 952 916 intuitu
989 872 1162 933 judicii
1207 871 1606 934 compromissio-

204 952 324 996 nalis
347 968 401 996 eo
428 952 647 1013 pertrahi
670 951 863 1012 nequit,
903 958 952 995 ut
987 952 1183 1012 objecta
1212 951 1605 996 fundorum-con-

208 1033 604 1074 tributionalium
633 1039 680 1076 et
725 1029 1049 1074 urbarialium
1077 1032 1454 1092 ceteroquinad
1478 1031 1606 1075 viam

203 1107 455 1168 politicam
489 1109 775 1170 spectantia,
805 1126 915 1154 cum
938 1109 1130 1154 falcidia
1158 1108 1461 1154 constitutivi
1483 1109 1606 1154 citra

203 1190 417 1250 partium
441 1189 818 1233 indemnitatem
839 1220 851 1243 ,
887 1187 1072 1250 judicio
1126 1188 1595 1250 compromissionali

196 1268 517 1323 includenda,
546 1267 852 1317 decidantur.

331 1350 391 1394 Et
426 1349 539 1394 hinc
565 1348 773 1405 sactum,
811 1350 940 1412 quod
964 1350 1204 1396 incidenti
1249 1368 1306 1396 ex
1335 1366 1428 1406 eu,
1478 1348 1605 1411 quod

201 1431 255 1475 in
296 1447 526 1493 processu
553 1429 1222 1491 metali*compromissionali
1250 1429 1606 1475 controversiae

199 1514 246 1556 in
286 1511 571 1555 disfavorem
603 1512 884 1556 colonorum
922 1511 1256 1555 hfiksiensium
1304 1510 1605 1572 (bielingen-

198 1592 356 1639 sium)
396 1591 707 1652 ⁴principatus
761 1590 1210 1652 batthyanyiani-in
1252 1591 1488 1635 comitatu
1532 1604 1604 1633 ca-

198 1670 436 1714 sti-iserrei
479 1687 569 1732 per
606 1671 757 1733 legale
790 1670 1035 1731 judicium
1065 1669 1260 1713 decisae
1310 1669 1433 1725 sint,
1482 1685 1601 1730 erga

205 1766 458 1794 recursum
517 1750 789 1794 eorundem
840 1749 1092 1810 negotium
1131 1748 1284 1793 isthoc
1325 1764 1373 1793 se
1401 1747 1536 1793 inter
1560 1754 1607 1792 et

199 1830 597 1873 communitatem
627 1830 871 1873 SzentHut
901 1829 1360 1891 (Heiligenbrunn)
1387 1830 1448 1874 ob
1478 1829 1605 1874 avul-

195 1923 297 1952 sam
322 1926 347 1952 a
371 1925 417 1953 se
442 1910 691 1954 occasione
723 1909 978 1954 metalium
1015 1909 1457 1954 controversiarum
1478 1942 1491 1964 ,
1514 1909 1603 1969 syl*

193 2003 280 2033 vae
306 1989 502 2051 plagam
537 1995 762 2044 vertens,
814 2004 963 2049 penes
1008 1988 1363 2033 admittendam
1415 1989 1592 2033 iisdem

195 2071 461 2130 probarum
499 2069 852 2113 exhibitionem
886 2068 1079 2113 noviter
1115 2069 1354 2113 assummi
1395 2077 1442 2113 et
1475 2069 1599 2114 deci-

198 2148 249 2192 di
272 2148 653 2210 supplicantium
679 2182 693 2204 ,
730 2148 962 2192 altissimo
994 2149 1096 2191 loco
1130 2149 1403 2193 exhibitum
1423 2182 1436 2206 ,
1472 2149 1602 2194 audi-

197 2229 256 2273 tis
296 2229 580 2284 audiendis,
630 2245 711 2272 sua
760 2228 984 2290 Majestas
1041 2229 1371 2274 sacratissima
1417 2231 1600 2275 motivo

200 2309 994 2370 subversantium-processualium
1036 2309 1515 2354 circumstantiarum
1549 2310 1597 2353 h.

200 2391 445 2434 resolvere
481 2389 677 2451 dignata
709 2389 791 2443 sit,
827 2395 879 2433 ut
903 2389 1032 2450 parti
1060 2390 1110 2433 in
1141 2390 1231 2433 hoc
1258 2405 1483 2452 processu
1501 2394 1599 2436 suc-

204 2469 450 2514 cumbenti
480 2478 612 2519 (non
638 2469 857 2513 obstante
901 2476 1089 2530 pactato
1134 2469 1360 2519 vinculo)
1396 2468 1600 2531 gradua-

208 2548 264 2591 lis
291 2548 416 2591 intra
455 2547 731 2592 dominium
759 2549 1005 2610 appellata
1041 2550 1348 2605 admittatur,
1384 2554 1431 2593 et
1465 2548 1598 2610 prin-

198 2645 307 2688 ceps
340 2627 657 2687 Batthya‘nyi,
699 2628 780 2690 qui
821 2645 984 2674 coram
1000 2629 1194 2674 arbitris
1221 2629 1462 2692 judicibus
1491 2644 1597 2675 cau-

197 2721 246 2749 sa
273 2705 472 2759 cecidit,
527 2707 586 2749 ad
635 2709 922 2755 celeriorem
989 2710 1258 2772 appellatae
1300 2709 1597 2769 prosecutio·
1656 2751 1658 2756 .

199 2803 310 2832 nem
347 2785 579 2831 invietur.
619 2787 833 2834 onerosa
859 2790 1192 2836 bfiksiensihus
1247 2791 1484 2836 sententia
1525 2805 1598 2834 ex·
1654 2806 1656 2811 ⁸
