1664 3204
177 285 406 342 missum,
437 285 585 331 fundo
609 281 1007 327 contributionali
1031 284 1227 344 publico
1248 317 1261 341 ,
1306 299 1414 328 <eum
1453 283 1562 346 jure

180 366 505 429 dispositionis
533 361 725 406 addicta
756 361 996 407 extiterat.

306 442 562 507 Quaestio,
595 458 712 486 num
750 441 985 503 oppidani
1008 440 1059 486 in
1087 440 1282 487 defectu
1315 443 1565 488 constituti

177 525 384 569 liberam
421 521 633 566 habeant
686 521 901 566 testandi
943 520 1256 575 facultatem,
1305 528 1387 565 aut
1438 522 1566 567 tituli

177 616 249 652 30.
281 608 401 662 part.
429 612 471 649 3.
505 600 650 664 legali
677 600 949 663 provisioni
974 601 1294 647 insistendum
1321 601 1408 658 sit,
1454 619 1566 647 cum

176 679 423 738 objectum
449 681 543 725 hoc
572 680 648 741 jus
674 681 983 726 successionis
1011 681 1249 735 involvat,
1280 681 1372 726 hoc
1403 690 1568 726 autem

173 757 411 805 urbariali
437 760 656 807 instituto
689 762 742 807 in
767 761 845 806 via
890 761 1089 823 politica
1135 761 1426 823 pertractari
1474 778 1569 807 non

172 840 350 903 possit,
387 848 589 888 eatenus
624 842 955 887 differentiam
982 843 1104 887 hanc
1139 843 1190 886 in
1217 841 1467 886 ordinaria
1501 842 1574 904 ju-

170 920 238 965 ris
269 922 348 966 via
373 922 703 968 dirimendam
729 938 841 968 esse.
875 923 945 966 Ex
983 922 1100 967 actis
1132 922 1192 968 ad
1221 938 1384 967 nrum.
1417 931 1570 978 8930,

175 1005 311 1051 1806.
344 1013 413 1051 12.
447 1003 770 1065 Septembris.

726 1111 849 1146 ART.
887 1111 958 1147 IV.

538 1189 610 1233 De
644 1189 870 1234 viduabus
911 1188 1184 1234 colonorum.

301 1282 487 1327 viduae
538 1283 829 1328 colonorum
884 1282 1188 1345 praescripto
1236 1280 1430 1326 articuli
1485 1294 1561 1331 21.

170 1361 307 1407 Ulad.
339 1362 521 1408 decret.
557 1365 659 1409 VII.
686 1371 840 1409 semet
880 1363 1212 1418 conforment,
1258 1362 1478 1424 adeoque
1525 1363 1566 1407 si

170 1441 313 1485 alteri
350 1442 644 1504 nupserint,
675 1444 777 1490 sine
825 1444 1018 1489 indultu
1061 1443 1272 1490 dominii
1316 1449 1573 1487 terrestra-

170 1519 228 1563 lis
262 1535 287 1563 e
315 1519 464 1566 domo
495 1523 735 1568 excedere
780 1532 1052 1585 nequeant3
1120 1540 1254 1567 secus
1301 1522 1566 1568 substantia

171 1601 444 1645 earundem
510 1602 720 1649 dominii
770 1602 976 1648 arbitrio
1026 1602 1332 1666 subjiciatur.
1388 1604 1563 1649 Urbar.

172 1696 219 1740 p,
249 1688 289 1727 8.
325 1686 364 1732 ζ).
401 1685 471 1729 16.

670 1813 942 1859 SECTIO
990 1814 1079 1865 ΙΙΙ.

489 1908 579 1952 De
614 1907 868 1952 telonio
907 1906 970 1952 in
1009 1908 1246 1970 specie.

294 2021 492 2067 Telonii
514 2027 779 2083 proventus
823 2019 1029 2065 dominii
1065 2019 1114 2065 in
1145 2021 1272 2065 salvo
1297 2030 1554 2079 maneant3

169 2103 318 2146 urbar
349 2119 395 2162 p.
425 2104 470 2149 6.
520 2107 559 2153 ᾗ.
585 2105 628 2149 ὁ.
662 2099 843 2145 subditi
891 2100 988 2145 vias
1033 2101 1282 2145 teloniales
1330 2118 1557 2165 reparan-

168 2188 236 2226 tes
271 2181 514 2226 telonium
541 2199 639 2226 non
666 2182 873 2226 solvunt.
898 2179 1073 2226 Urhar.
1096 2199 1144 2242 p.
1169 2192 1211 2229 5.
1241 2180 1280 2241 §.
1315 2191 1386 2231 18.

297 2262 553 2307 Teloniale
583 2261 786 2324 vectigal
818 2260 1034 2306 subditus
1065 2261 1118 2306 in
1141 2261 1377 2319 servitiis,
1410 2269 1458 2307 et
1485 2279 1563 2307 ro-

166 2341 309 2387 hottis
341 2342 668 2390 dominalihus
693 2358 778 2386 seu
808 2341 867 2385 ad
884 2340 1208 2402 perficiendos
1237 2342 1426 2388 labores
1453 2358 1560 2386 suos

168 2423 381 2478 rurales,
418 2430 497 2467 aut
528 2423 589 2467 ad
616 2422 799 2466 molam
830 2437 919 2482 pro
949 2420 1302 2467 commolendis
1338 2419 1558 2483 frugibus

169 2501 265 2547 suis
292 2504 450 2547 eundo
468 2537 480 2559 ,
508 2501 713 2548 domino
743 2502 963 2546 terrestri
987 2502 1169 2547 solvere
1207 2518 1306 2546 non
1335 2507 1559 2558 tenetur,

169 2598 346 2628 verum
370 2583 407 2627 si
432 2585 481 2627 in
508 2584 613 2629 aliis
638 2581 846 2645 negotiis
862 2598 952 2644 per
979 2583 1108 2627 viam
1133 2582 1418 2627 telonialem
1445 2597 1555 2642 p'ro-
1630 2590 1641 2603 ⁸

169 2660 441 2717 ficiscatur,
475 2664 550 2707 vel
588 2670 755 2724 parato
796 2679 907 2707 aere
949 2661 1156 2725 vectigal
1195 2660 1424 2706 teloniale
1465 2659 1553 2704 sol-

168 2758 309 2799 vere,
340 2743 417 2787 vel
447 2741 811 2804 proportionato
831 2742 891 2791 ad
919 2740 1283 2806 reparationem
1312 2737 1551 2800 ejusmodi
