1664 3204
681 172 1020 214 mue—obm-

177 299 261 329 seu
295 282 408 345 quid
444 291 488 328 et
518 285 746 343 quantum
772 279 820 324 in
843 296 1024 343 grane,
1059 282 1132 326 vel
1179 286 1440 342 stramine,
1478 295 1558 332 aut

171 365 456 426 pecuniaria
484 359 724 405 solutione
744 392 757 415 ,
793 368 872 405 aut
903 361 1050 406 etiam
1084 361 1247 409 nesors
1278 367 1381 412 aliis
1424 376 1559 413 natu-

170 446 349 489 ralibus
378 439 749 502 praestiterunt,
777 449 936 485 totum
960 442 1012 486 id
1037 444 1163 488 clare
1187 477 1200 500 ‚
1238 452 1285 489 et
1307 447 1481 492 diserte
1508 447 1559 491 in

168 520 455 568 fassionihus
483 517 799 580 exprimatur,
835 528 1085 581 praeterea
1101 522 1247 567 etiam
1264 523 1415 581 illud,
1436 542 1559 570 num

166 607 363 664 praeter
384 607 752 661 praeenarratas
777 601 1146 659 praestationes,
1183 603 1259 647 vel
1287 603 1435 646 etiam
1460 605 1561 649 abs-

167 698 258 743 que
286 680 359 724 his
386 680 436 723 in
460 680 565 724 loco
608 680 879 725 examinato
929 681 1118 727 decima
1164 683 1303 728 titulo
1346 682 1467 727 cleri
1507 684 1560 729 in

167 778 256 805 usu
284 759 467 803 suerit?
503 768 582 804 aut
616 759 739 804 forte
785 761 904 805 haec
944 762 1051 806 loco
1096 780 1278 820 nonae,
1329 763 1406 807 vel
1443 779 1560 808 vero

168 857 260 903 qua
288 839 393 883 talis
417 838 648 884 hactenus
676 840 903 901 praestita
937 842 1166 889 extiterit.
1203 847 1308 908 Quo
1330 859 1449 889 vero
1500 842 1561 888 ad

166 918 434 975 datiarum,
472 926 516 962 et
558 919 894 963 universarum
936 921 1239 983 reliquarum
1280 922 1561 986 praestatio-

165 1016 284 1044 num
304 1033 316 1055 ,
354 999 764 1061 donariorumque
801 1000 851 1044 in
883 1010 1069 1062 puncto·
1093 1004 1185 1047 hoc
1204 1019 1558 1049 commemora-

166 1085 325 1123 torum
357 1094 525 1124 omnes
561 1079 774 1144 spe-cies,
810 1088 855 1124 et
882 1081 1010 1125 tituli
1043 1084 1372 1143 naturalium3
1410 1092 1455 1129 et
1480 1101 1559 1145 pe-

165 1159 383 1203 cuniaria
411 1160 584 1203 solutio
603 1192 615 1215 ,
654 1166 701 1202 et
725 1159 957 1221 depensio
985 1163 1162 1219 omnis,
1195 1165 1327 1225 nulla
1353 1179 1555 1225 prorsus

167 1242 380 1286 absolute
405 1239 595 1284 reticita
625 1247 670 1283 et
696 1257 921 1287 remansa
954 1231 1078 1288 clare
1103 1261 1153 1288 ac
1180 1242 1553 1302 individualiter

165 1323 525 1384 exprimantur.'
557 1321 694 1366 Instr.
732 1338 868 1384 exeq‚
892 1338 1016 1386 mag.
1055 1340 1155 1386 cap.
1188 1325 1223 1368 I.
1254 1325 1291 1385 §.
1318 1338 1360 1375 5.

754 1450 830 1484 AR
839 1450 875 1484 T.
912 1451 935 1484 I
945 1448 984 1484 V.

165 1528 239 1572 De
275 1531 451 1590 optione
486 1527 820 1588 aequivalentis
859 1529 903 1571 in
933 1528 1240 1587 praestatione
1276 1542 1450 1581 nonae,
1486 1525 1563 1572 vel

470 1595 545 1637 2in
581 1602 748 1637 natura
784 1593 951 1636 colonis
986 1593 1202 1638 admissa.

299 1713 563 1759 Occasione
589 1713 893 1757 introductae
940 1713 1196 1758 urharialis
1239 1712 1554 1776 regulationis

171 1795 256 1840 uhi
296 1802 604 1855 compertum
642 1792 821 1849 fuerit,
871 1809 1029 1837 nonae
1072 1793 1453 1856 praestationem
1504 1792 1556 1836 in

167 1881 339 1919 natura
376 1874 602 1918 hactenus
647 1873 698 1917 in
733 1891 823 1918 usu
866 1873 1047 1930 fuisse,
1084 1872 1132 1918 in
1168 1873 1260 1918 illis
1297 1874 1411 1919 locis
1443 1873 1550 1917 sub-

165 1953 253 1998 diti
284 1953 491 1998 eandem
511 1970 688 1998 nonam
717 1960 881 2015 expost
916 1954 1061 1998 etiam
1095 1954 1297 1998 domino
1328 1953 1554 1998 terrestri

164 2034 507 2096 praestandam
536 2034 785 2078 habebunt
808 2057 873 2066 —
896 2034 979 2077 ubi
1020 2040 1181 2077 autem
1216 2049 1372 2078 nonae
1411 2047 1550 2094 prae-

163 2113 302 2158 statio
326 2114 377 2157 in
398 2131 485 2157 usu
522 2129 618 2158 non
647 2121 781 2169 erat,
818 2113 886 2157 ihi
932 2113 982 2157 in
1026 2113 1212 2176 singula
1254 2111 1552 2174 possessione

166 2202 212 2238 et
247 2195 354 2253 loco
379 2195 674 2239 rusticorum
700 2194 888 2256 optioni
919 2193 1193 2250 deferatur,
1229 2211 1345 2238 num
1367 2204 1548 2252 nempe

169 2290 351 2318 nonam
373 2275 424 2320 in
456 2283 630 2320 natura
649 2309 662 2332 ,
698 2277 774 2319 vel
804 2275 1125 2337 aequivalenti
1146 2276 1342 2337 posthac
1369 2276 1544 2343 depeh.

172 2356 288 2401 dere
315 2356 481 2402 velint.
505 2358 623 2402 Ihid.
651 2373 752 2419 cap.
788 2358 867 2401 ΙΙΙ.
899 2356 938 2416 §.
964 2368 1007 2403 2.
1036 2373 1136 2418 cap.
1162 2357 1216 2400 V.
1244 2355 1282 2415 §.
1321 2368 1362 2404 5.

752 2484 874 2518 ART.
920 2485 961 2520 V.

262 2559 334 2603 Dc
365 2561 668 2618 designatione
693 2562 1020 2623 aequivalentis
1047 2571 1239 2623 exparte
1255 2561 1452 2609 dominii.

294 2667 337 2711 Si
369 2670 524 2714 coloni
554 2672 613 2714 ad
639 2687 820 2716 nonam
843 2671 893 2716 in
916 2679 1087 2716 natura
1110 2671 1445 2733 praestandam
1471 2687 1543 2716 ae·

169 2744 261 2810 qua
292 2764 401 2793 cum
428 2751 764 2798 moderatione
802 2752 991 2814 disponi
1026 2753 1322 2817 nequirent,
1373 2767 1542 2798 verum
