1664 3204
751 214 820 224 ⁴⁶⁸⁶
882 204 962 232 220
1024 215 1093 226 ou·-

228 324 392 362 ventus
410 316 552 360 etiam
582 324 732 354 nonae
751 307 969 352 dominio
998 309 1204 352 diminui
1230 311 1426 368 debeat,
1476 315 1602 374 quod

228 396 348 439 item
400 389 578 436 domini
626 379 873 432 terrestres
911 403 1002 448 per
1046 386 1391 435 seminaturam
1444 392 1603 453 campi

224 474 353 519 tertii
383 472 430 513 in
461 473 686 529 respectu
716 467 863 510 etiam
888 465 1207 528 competentis
1227 465 1280 510 in
1308 483 1417 514 arvo
1438 472 1602 533 pascui

226 567 391 596 cousus
416 550 466 594 in
498 565 584 592 usu
611 547 773 592 fructu
798 546 1154 591 beneficiorum
1181 554 1501 594 coarctentur.

722 707 985 751 SECTIO
1022 707 1099 751 VI.

222 818 309 860 De
347 814 549 859 ovium
586 813 1044 869 decimatione,
1081 816 1603 879 agnellorumque

414 895 785 951 nonatione3
846 900 905 937 et
941 894 1397 942 decimatione.

829 1014 951 1053 ΛΒΤ.
998 1017 1033 1051 1.
1060 1005 1071 1014 ⁹

218 1093 291 1138 De
338 1093 566 1153 prohibita
605 1094 776 1138 decima
821 1094 981 1139 ovium
1029 1094 1422 1155 quaestuariarum
1471 1094 1608 1140 salva

429 1159 706 1214 agnellorum
727 1161 972 1205 nonatione
1001 1170 1044 1205 et
1071 1160 1383 1206 decimatione.

343 1265 518 1310 Ovium
538 1266 678 1310 titulo
705 1273 925 1329 quaestus
953 1267 1012 1310 ad
1035 1267 1210 1312 aestiva
1223 1282 1400 1329 pascua
1422 1283 1511 1328 per
1533 1268 1602 1313 in-

217 1347 338 1390 colas
376 1345 780 1408 adpellendarum
805 1345 1133 1391 decimatione
1164 1362 1253 1391 nec
1279 1346 1327 1391 in
1347 1347 1470 1407 lege,
1516 1362 1603 1391 nec

216 1424 266 1468 in
293 1424 452 1484 aliqua
477 1427 521 1471 b.
550 1425 848 1470 resolutione
884 1424 1086 1470 fundata
1113 1425 1358 1470 existenee
1375 1424 1496 1474 (nisi
1524 1441 1605 1485 pe-

218 1503 410 1547 culiaris
438 1511 634 1548 eatenus
662 1504 743 1547 fiat
769 1504 926 1547 libera
950 1505 1233 1552 conventio)
1267 1502 1448 1547 intuitu
1483 1502 1606 1546 talis-

217 1583 350 1626 modi
380 1583 543 1626 ovium
578 1585 745 1645 regula
776 1584 826 1627 in
856 1583 988 1627 instr.
1017 1599 1149 1644 exeq.
1183 1599 1308 1644 mag.
1345 1598 1447 1643 cap.
1472 1584 1526 1626 V.
1561 1581 1602 1641 §

217 1673 292 1709 22.
319 1670 496 1722 puncto
525 1664 682 1723 quoad
705 1674 774 1710 12.
801 1663 1003 1706 tabellae
1025 1662 1275 1706 rubricam
1292 1660 1602 1722 praescripta

218 1742 498 1785 observetur
532 1741 582 1783 in
608 1757 691 1794 eo,
736 1748 787 1783 ut
814 1740 864 1784 in
890 1757 1001 1783 casu
1027 1755 1121 1800 quo
1144 1740 1330 1784 incolae
1361 1755 1471 1784 cum
1502 1738 1606 1783 ovi-

218 1820 305 1863 hus
329 1827 576 1880 quaestum
605 1826 885 1863 exercentes
912 1835 938 1862 a
964 1819 1139 1863 talibus
1168 1818 1483 1881 quaestuariis
1506 1819 1603 1863 ovi-

216 1899 304 1942 bus
345 1898 394 1942 in
427 1897 712 1959 particulari
748 1915 803 1942 eo
829 1899 1004 1954 modo,
1063 1915 1157 1960 quo
1185 1915 1212 1942 a
1244 1897 1520 1943 domesticis
1551 1899 1603 1942 in

217 1976 441 2021 medium
468 1977 825 2022 communitatis
854 1995 950 2022 non
988 1977 1384 2034 contribuerent‚
1427 1995 1516 2040 pro
1545 1993 1602 2022 eo

219 2074 330 2102 casu
370 2075 478 2102 oves
514 2059 629 2103 tales
684 2057 1001 2102 communitas
1049 2058 1101 2101 in
1138 2073 1315 2118 pascuo
1355 2058 1604 2102 communi

217 2139 345 2182 alere
377 2155 470 2183 non
494 2137 767 2199 obligatur,
805 2153 972 2182 verum
1004 2144 1368 2198 quaesturantes
1403 2137 1464 2180 ad
1496 2153 1606 2198 pro-

218 2219 489 2262 curandum
519 2235 610 2280 pro
637 2218 705 2261 eis
738 2218 833 2262 alia
855 2218 1040 2262 ratione
1071 2234 1301 2278 pascuum
1339 2216 1602 2272 invientur‚

219 2303 268 2339 et
295 2296 343 2340 in
373 2296 462 2341 hoc
483 2314 595 2342 casu
622 2298 806 2342 salvum
833 2298 890 2341 sit
912 2298 1130 2342 dominio
1158 2314 1270 2342 cum
1293 2303 1604 2359 quaesturan-

220 2375 343 2422 libus
373 2378 556 2422 ratione
579 2377 804 2437 privativi
828 2375 899 2422 sui
937 2377 1194 2422 dominalis
1221 2377 1388 2438 pascui
1415 2377 1600 2422 eisdem

222 2457 424 2501 cedendi
460 2457 830 2502 conventionem
853 2455 977 2500 inire
994 2490 1007 2512 ,
1041 2465 1096 2501 ut
1114 2464 1278 2502 autem
1305 2473 1330 2500 a
1355 2464 1602 2518 quaestum-¹

222 2536 303 2579 riis
335 2538 499 2581 ovibus
539 2552 636 2581 non
665 2538 714 2582 in
754 2537 987 2598 privativo
1011 2536 1246 2591 dominii,
1299 2542 1369 2580 ast
1392 2535 1443 2579 in
1475 2552 1601 2580 com-

222 2615 354 2658 muni
393 2619 754 2663 communitatis
789 2634 966 2679 pascuo
1006 2616 1297 2662 alimentatis
1320 2614 1599 2661 dominium

223 2692 461 2737 decimam
485 2697 531 2740 in
551 2705 737 2753 natura,
765 2705 844 2742 aut
869 2696 1089 2742 decimae
1103 2698 1176 2741 vel
1195 2695 1288 2742 alio
1310 2712 1597 2756 quocunque

223 2773 359 2819 titulo
390 2776 646 2835 pecuniam
679 2777 914 2834 desumat,
940 2778 990 2823 id
1021 2777 1153 2823 nulla
1175 2777 1359 2822 ratione
1390 2775 1597 2831 admitti,
