1664 3204
740 201 810 212 ...-
871 181 951 219 320
1011 202 1079 213 w·—

801 282 921 315 ART.
948 282 1004 317 Π.

601 359 768 420 Quoad
802 359 1175 405 educillationem.

334 453 550 517 Benigna
570 453 802 499 resolutio
840 454 975 516 regia
1014 455 1173 515 quoad
1202 453 1463 500 educillum
1486 455 1586 501 vini

206 539 358 583 relate
392 535 450 579 ad
495 535 737 579 vanienses
788 536 874 579 sub
909 550 1015 579 nro.
1057 535 1255 580 locumt.
1307 545 1475 584 15887.
1511 536 1589 580 die

206 631 249 667 5.
286 615 396 675 julii
431 625 569 670 1795.
601 619 836 658 emanata.

333 695 389 739 In
414 693 585 737 ordine
627 693 686 737 ad
711 691 986 736 instantiam
1017 693 1368 737 nonnullorum
1412 693 1584 754 oppidi

205 775 330 817 Vcicz
363 773 633 817 incolarum
653 805 667 828 ‚
706 772 787 834 qui
811 770 899 816 sub
935 771 1138 816 diversis
1168 771 1274 816 aliis
1301 771 1594 833 jurisdictio-

211 854 389 909 nibus,
435 852 531 898 sive
572 851 806 896 dominiis
847 851 1207 896 terrestralibus
1245 851 1406 896 vineas
1449 850 1598 913 possi-

210 934 353 989 dent,
390 939 439 976 et
464 949 554 993 pro
593 948 650 976 eo
682 937 974 986 recurrunt,
1010 938 1062 975 ut
1099 931 1276 976 iisdem
1317 940 1484 977 contra
1516 932 1597 975 do-

205 1014 350 1058 minii
385 1013 773 1075 prohibitionem
799 1012 912 1056 vina
942 1028 1024 1056 sua
1061 1018 1254 1067 extera,
1290 1013 1342 1056 id
1368 1021 1439 1057 est
1465 1021 1596 1058 extra

207 1101 463 1139 terrenum
495 1093 714 1153 ejusdem
763 1090 967 1136 dominii
1003 1086 1256 1152 procreata
1281 1091 1483 1136 Vaciurn
1522 1091 1596 1136 in-

210 1175 346 1219 ferre
383 1174 704 1230 concedatur,
740 1173 1031 1235 dignabatur
1088 1188 1171 1217 sua
1215 1171 1443 1235 Majestas
1508 1172 1601 1217 cle-

206 1262 400 1301 menter
429 1255 689 1300 resolvere.

343 1346 381 1380 1.
409 1334 554 1378 Prout
569 1332 746 1376 colonis
771 1331 880 1376 vina
912 1330 1141 1392 propriae
1170 1333 1519 1394 procreationis
1549 1333 1599 1378 in

206 1413 457 1459 territorio
495 1413 715 1475 ejusdem
749 1411 955 1456 dominii
1004 1413 1293 1458 terrestralis
1323 1419 1597 1474 procreata,

207 1493 259 1539 in
281 1493 488 1538 educillo
515 1491 872 1536 communitatis
900 1498 1118 1552 tempore
1149 1491 1381 1538 urhariali
1413 1507 1598 1536 conces-

208 1591 284 1630 so,
318 1580 401 1616 aut
426 1572 571 1617 etiam
596 1570 913 1616 contractuali
955 1571 1217 1630 epocillare
1254 1571 1467 1614 liberum
1506 1567 1599 1623 sit,

208 1653 277 1697 ita
307 1652 456 1696 etiam
489 1651 574 1694 sub
594 1650 730 1693 idem
755 1656 943 1707 tempus
973 1647 1055 1690 illa
1087 1647 1288 1689 cuilibet
1323 1648 1508 1707 privato
1525 1647 1599 1690 in-

209 1733 411 1786 vehere,
448 1737 849 1773 etconsummere
872 1725 1119 1786 integrum
1158 1724 1236 1782 sit,
1272 1725 1353 1770 sed
1368 1727 1601 1787 insuper3

338 1821 384 1857 2.
413 1807 554 1852 Talia
574 1806 689 1851 vina
719 1822 777 1850 ex
817 1805 1070 1848 territorio
1107 1805 1339 1851 dominali
1369 1808 1601 1868 propriae

207 1887 564 1954 procreationis
588 1885 789 1948 privatis
822 1885 873 1929 in
903 1884 1156 1930 individuo
1182 1885 1330 1930 etiam
1373 1889 1459 1932 sub
1483 1894 1602 1932 tem-

209 1988 302 2033 pus
335 1967 532 2015 educilli
561 1966 815 2013 dominalis
855 1981 946 2027 pro
985 1982 1076 2010 usu
1114 1965 1378 2011 domestico
1419 1965 1601 2011 inferre

204 2052 366 2096 liceat.
430 2040 433 2043 ι

339 2132 384 2178 5.
416 2128 592 2173 Extera
620 2140 737 2171 vero
771 2124 912 2181 vina,
949 2142 1035 2172 seu
1063 2125 1149 2170 sub
1177 2125 1280 2171 aliis
1308 2124 1602 2188 jurisdictio-

212 2211 355 2257 nibus
376 2243 389 2265 ,
425 2211 502 2255 vel
524 2207 755 2252 dominiis
779 2214 1036 2268 procreata
1052 2240 1064 2262 ,
1101 2207 1199 2252 sive
1221 2224 1276 2252 ex
1314 2208 1601 2253 colonorum

210 2292 426 2354 propriis
453 2296 612 2334 essent
664 2287 846 2343 vineis,
901 2287 998 2332 sive
1044 2295 1236 2350 empta,
1279 2287 1602 2333 communitas

214 2374 371 2418 solum
398 2371 485 2416 sub
520 2376 711 2430 tempus
754 2367 949 2412 educilli
984 2368 1260 2426 urbarialis,
1289 2377 1368 2414 aut
1419 2376 1604 2414 contra-

213 2454 378 2498 ctualis
408 2467 498 2513 pro
524 2448 867 2512 epocillatione
887 2479 901 2504 ,
936 2448 1112 2509 privati
1155 2465 1272 2494 vero
1317 2449 1499 2495 subditi
1533 2464 1603 2493 so-

211 2533 314 2577 lum
340 2540 563 2594 ternpore
579 2527 899 2590 competentis
917 2529 1172 2574 urbarialis
1188 2529 1401 2586 educilli,
1437 2530 1605 2575 etiams

214 2611 254 2655 si
277 2611 598 2655 communitas
618 2625 672 2653 ex
699 2614 951 2654 contractu
985 2609 1146 2654 nesors
1175 2609 1385 2672 longiori
1416 2617 1600 2671 tempo-

214 2706 266 2734 re
293 2690 555 2735 educillum
585 2703 864 2733 concessum
890 2687 1091 2741 haberet
1115 2716 1134 2744 ‚·
1163 2705 1253 2750 pro
1292 2689 1493 2753 proprio
1531 2705 1600 2735 so-

214 2772 316 2815 lum
339 2786 428 2816 usu
457 2770 571 2815 talia
607 2768 723 2819 vina
751 2767 983 2816 invehere
1009 2768 1233 2817 audeant.
