1664 3204
728 157 1037 196 ..w-50„

206 272 468 321 mobilibus
491 267 732 314 nobilium
758 263 938 307 fundos
966 259 1250 306 colonicales
1267 258 1588 305 incolentium

208 351 526 401 remonstrari
560 347 704 390 etiam
732 343 878 387 inde:

335 445 378 480 2.
414 426 554 491 Quod
592 422 846 467 dominalis
891 419 1125 464 successio
1155 418 1206 463 in
1247 419 1390 464 rebus
1438 417 1594 463 mobi-

211 514 337 558 libus
387 526 441 552 ex
515 505 619 565 ipsa
675 510 848 549 natura
920 500 1273 564 jurisdictionis
1332 496 1591 544 dominalis

209 590 436 654 profluat⁴

332 671 454 713 Usus
496 662 903 718 immemorialis,
938 659 1162 723 pluribus
1200 657 1437 704 similium
1467 656 1594 702 deci-

206 751 395 793 sionum
423 745 605 789 casibus
632 744 888 787 roboratus
918 742 1124 786 eveniat.

337 827 383 873 5.
447 826 515 869 Ex
560 831 746 869 vetusta
807 823 1151 868 consuetudine
1194 821 1316 864 latus
1365 824 1436 862 est
1483 817 1593 861 arti·
1643 863 1648 866 ,

206 908 340 952 culus
373 909 450 953 02.
483 917 620 952 1715.
645 905 803 967 quoad
832 904 1017 948 nobiles
1056 903 1108 946 in
1144 900 1307 946 fundis
1358 896 1591 942 colonica-

204 989 333 1032 ]ibus
365 986 596 1047 degentes
631 983 961 1046 proprietario
997 982 1248 1043 obligatos.

337 1073 379 1113 4.
415 1066 508 1111 Ubi
539 1067 596 1110 de
633 1064 861 1110 exercitio
894 1063 1014 1124 juris
1056 1059 1318 1104 dominalis
1355 1056 1598 1102 autoritati

203 1147 341 1207 legis,
377 1146 633 1206 praxisque
663 1144 947 1206 judiciariae
969 1141 1111 1186 nixae
1132 1139 1310 1200 agitur,
1348 1152 1439 1198 per
1463 1135 1601 1180 influ-

202 1241 347 1278 xum,
396 1240 542 1283 quem
578 1223 736 1267 nefors
784 1237 905 1283 quae
947 1217 1221 1282 jurisdictio
1259 1215 1514 1262 comitatus
1543 1216 1594 1260 in
1651 1267 1661 1273 f

200 1303 324 1345 lianc
369 1300 694 1357 dominalem,
731 1301 823 1346 sibi
863 1306 1225 1360 competentem
1262 1295 1494 1351 summit,
1538 1294 1597 1339 si-

202 1382 321 1426 mile
367 1379 656 1424 exercitium
689 1380 1023 1441 restringere,
1070 1377 1361 1422 activitatem
1397 1374 1598 1420 comita-

203 1469 392 1505 tensem
420 1459 643 1515 excedat,
672 1459 914 1520 siquidem
947 1457 1069 1502 illud
1103 1456 1283 1518 partim
1311 1471 1338 1498 a
1375 1453 1496 1499 soris
1537 1454 1597 1498 de

203 1539 504 1600 proprietate
527 1536 873 1598 judicantibus,
913 1537 1094 1598 partim
1130 1553 1156 1580 a
1197 1543 1428 1598 potestate
1457 1533 1596 1595 legis-

207 1618 380 1663 latoris
405 1618 703 1677 dependeat,
754 1618 806 1662 in
846 1618 1037 1678 reliquo
1076 1615 1367 1662 exercitium
1389 1613 1496 1658 talis
1526 1612 1600 1674 ju·-

210 1698 506 1742 risdictionis
540 1698 743 1741 articulo
773 1708 849 1744 51.
894 1708 1031 1752 1791.
1066 1694 1418 1750 restahilitum,
1465 1693 1600 1738 adhi-

208 1780 308 1822 bito
331 1785 602 1822 constanter
636 1776 912 1821 testimonio
945 1777 1086 1838 legali
1128 1776 1180 1820 in
1217 1776 1410 1821 sedibus
1447 1773 1600 1818 domi-

210 1859 398 1902 nnlibus
429 1858 624 1918 vigens,
669 1855 922 1900 comitatus
962 1855 1404 1917 magistratu-‘ilium
1437 1854 1597 1916 inspe-

212 1937 423 1980 ctionem
465 1936 595 1979 haud
640 1935 873 1981 excludat.
939 1935 999 1978 Et
1043 1935 1240 1978 demum
1271 1934 1330 1977 ad
1362 1933 1595 1977 inducen-

214 2017 329 2059 dam
371 2015 631 2076 quamdam
670 2013 1096 2068 consvetudinem,
1148 2013 1188 2057 si
1225 2013 1340 2058 haec
1367 2012 1602 2074 allegare-

210 2104 305 2151 tur,
345 2097 417 2140 lex
453 2095 524 2139 tit.
556 2095 742 2156 prolog.
776 2106 848 2140 11.
876 2094 1027 2138 solam
1055 2100 1251 2138 actuum
1277 2092 1602 2154 frequentiam

213 2175 454 2238 requirit,
491 2190 514 2218 e
541 2190 631 2235 qua
656 2173 761 2234 ipsa
784 2173 954 2217 tacitus
976 2188 1231 2217 consensus
1267 2171 1478 2216 nascitur
1497 2204 1510 2228 ,
1556 2177 1605 2215 et

211 2253 327 2297 (lum
374 2253 665 2297 consvetudo
710 2253 762 2297 in
796 2252 1006 2314 legalem
1055 2252 1197 2312 plane
1240 2250 1462 2307 transiit,
1519 2250 1603 2294 illa

218 2335 335 2378 citra
366 2334 680 2379 violationem
706 2331 848 2395 hujus
877 2331 982 2376 tolli
1014 2332 1297 2392 neutiquam
1322 2337 1495 2392 potest.

341 2415 562 2477 Objectio
595 2438 661 2446 —-
689 2429 767 2457 res
802 2411 1011 2456 mobiles
1046 2411 1288 2456 nobilium
1322 2410 1456 2472 sequi
1496 2425 1605 2471 per-

214 2511 378 2547 sonas,
444 2493 852 2555 quemadmodum
910 2507 998 2552 per
1034 2491 1293 2535 articulum
1338 2501 1417 2546 93.
1459 2493 1600 2537 1647.

211 2573 449 2618 nobilium
473 2589 738 2632 personae,
785 2578 835 2616 et
858 2586 936 2615 res
964 2571 1167 2615 mobiles
1198 2588 1225 2615 a
1260 2568 1601 2633 jurisdictione

222 2652 371 2695 civica
396 2658 645 2710 exemptae
673 2659 799 2707 sunt,
837 2649 1082 2694 refellitur
1104 2667 1192 2712 per
1213 2650 1292 2704 id,
1328 2648 1458 2709 quod
1491 2664 1602 2709 pro·

216 2729 335 2775 visio
361 2729 548 2773 articuli
577 2729 716 2788 hujus
747 2746 837 2790 per
860 2730 1120 2776 articulum
1146 2728 1227 2779 20.
1253 2732 1393 2783 1649.
1436 2734 1484 2771 et
1517 2733 1596 2780 49.
