1664 3204
707 197 1043 237 w15ow

195 312 317 361 lata,
373 314 480 368 post
542 298 923 364 publicationem
981 296 1172 340 effectui
1239 294 1577 354 mancipetur3

195 390 369 450 absque
395 404 475 433 co,
513 389 561 424 ut
601 380 679 422 illa
722 377 781 422 ad
827 376 1042 422 sedriam
1083 375 1134 420 in
1178 374 1257 419 via
1308 372 1578 435 appellatae

195 466 574 516 transmutatum
614 456 928 520 gravissimae
984 464 1150 501 autem
1188 470 1358 501 causae
1416 453 1582 498 adesse

195 551 399 597 dehent,
455 542 515 584 ob
578 555 691 600 quas
743 537 978 583 sententia
1044 533 1393 581 eliminationis
1448 530 1581 581 lerri

194 634 349 692 possit.
1048 684 1050 687 y
1477 653 1587 695 ¹2847

324 704 539 765 Benigna
566 701 873 746 Resolutione
909 701 1044 762 regia
1069 702 1130 747 ad
1157 719 1305 747 nrum
1338 708 1425 745 art.
1477 722 1585 756 12648

205 797 340 835 1801.
363 785 586 827 emanata
609 781 890 843 dispositum
911 789 995 837 est,
1011 789 1064 826 ut
1081 799 1213 828 casus
1237 779 1586 828 eliminationis

197 869 486 910 colonorum
512 881 592 908 sua
620 862 696 906 via
724 870 771 907 et
799 861 959 907 forma
988 863 1393 919 decidendi98nte
1421 877 1589 905 execu-

194 948 376 991 tionem
418 960 610 1005 semper
644 959 752 987 suae
775 943 1019 1004 NIajestati
1045 943 1395 989 sacratissimae
1427 958 1519 1004 pro
1539 941 1585 985 b.

198 1026 494 1073 resolutione
524 1025 910 1069 substernantur.

697 1155 979 1200 SECTIO
1015 1156 1092 1199 IV.

291 1257 378 1299 De
415 1249 677 1297 mulctis
715 1251 1128 1306 colonorum,
1166 1257 1223 1295 et
1268 1257 1510 1295 contra-

771 1330 1009 1375 bandis.

323 1440 538 1483 Mulctae
570 1439 882 1501 pecuniariae
914 1438 1199 1502 (birsagia)
1249 1437 1336 1483 sub
1375 1452 1586 1498 quocun-

199 1535 289 1580 que
312 1526 563 1579 praetextu
599 1537 694 1564 non
731 1520 872 1574 alias,
920 1535 1065 1580 quam
1115 1518 1166 1562 in
1209 1517 1440 1579 expressis
1479 1517 1587 1578 lege

200 1597 339 1659 regni
370 1599 550 1643 casibus
575 1600 730 1643 solum
772 1615 797 1642 a
825 1599 1026 1643 subditis
1061 1597 1111 1642 in
1144 1598 1337 1643 sedibus
1373 1597 1590 1640 domina-

198 1677 341 1729 lihus,
363 1686 615 1737 praesente
636 1678 883 1722 articulari
910 1677 1191 1722 testimonio
1209 1676 1495 1732 comitatus,³
1517 1683 1589 1726 (et

198 1757 699 1818 fisc0111agist1·atuali)
719 1757 938 1818 legitime
967 1757 1194 1801 convictis
1218 1790 1231 1812 ‚
1269 1757 1399 1801 salva
1432 1756 1490 1800 ad
1525 1771 1589 1800 se-

200 1836 357 1880 driam
384 1836 623 1896 appellata
654 1836 990 1885 desumantur.
1020 1837 1197 1883 Urhar.
1235 1854 1282 1897 p.
1307 1845 1350 1885 8.
1382 1841 1419 1887 ξ.
1462 1847 1501 1882 1.

323 1917 427 1960 Non
456 1914 744 1959 absimiliter
776 1917 904 1960 circa
943 1916 1146 1959 mulctas
1180 1921 1375 1976 praeter
1436 1914 1587 1959 birsa-

196 1997 370 2059 giales,
399 1995 514 2039 dum
539 1995 595 2039 de
619 1996 794 2040 damno
827 1996 877 2040 in
912 1995 1092 2056 campis
1130 1995 1264 2040 illato
1291 2027 1304 2049 ‚
1336 2001 1383 2039 et
1412 1995 1471 2038 de
1510 1994 1581 2038 in-

197 2075 466 2137 vagiatione
505 2092 770 2137 pecorum,
818 2083 865 2119 et
910 2075 1157 2137 pecudum
1195 2075 1384 2138 agitur,
1425 2073 1587 2135 provi·

197 2155 264 2200 sio
300 2158 419 2216 legis
441 2156 741 2200 observetur.
766 2156 885 2201 ibid.
913 2162 949 2207 ὅ.
978 2167 1021 2203 2.

329 2236 382 2279 In
410 2236 598 2297 reliquo
631 2236 937 2289 excedentes,
979 2242 1059 2278 aut
1094 2235 1430 2296 delinquentes
1459 2234 1585 2278 colo-

198 2314 244 2357 ni
275 2314 540 2373 puniantur
572 2331 692 2368 una,
735 2316 948 2364 duabus,
976 2322 1055 2358 aut
1094 2314 1248 2358 tribus
1280 2313 1584 2359 manualibus

199 2379 375 2423 robotis
398 2388 528 2425 extra
545 2389 731 2442 tempus
750 2382 1091 2442 campestrium
1106 2380 1326 2424 laborum
1345 2387 1590 2441 praestan·

198 2459 284 2507 dis,
304 2461 353 2503 in
383 2477 493 2505 casu
527 2462 609 2506 ubi
631 2460 850 2506 subditus
865 2478 1017 2522 poena
1044 2460 1258 2521 corporis
1291 2458 1573 2503 afficiendus

199 2545 282 2584 cst,
306 2539 538 2597 plectatur
559 2542 618 2585 ad
651 2557 897 2586 summum
932 2546 990 2588 24
1008 2539 1182 2584 ictibus
1196 2539 1479 2584 baculorum
1507 2538 1583 2581 vel

201 2618 511 2662 scuticarum.
536 2621 655 2667 Ibid.
686 2628 721 2672 ζ).
742 2634 782 2669 3.
809 2621 853 2665 Si
883 2621 1005 2665 ratio
1035 2620 1204 2663 aetatis
1240 2626 1321 2663 aut
1352 2617 1577 2678 corporis

199 2715 295 2743 non
316 2698 545 2753 admittit,
575 2701 635 2744 ad
662 2718 908 2745 summum
936 2713 976 2749 3.
1005 2700 1195 2745 dierum
1223 2705 1379 2743 aresto
1409 2704 1445 2749 ᾧ.
1474 2703 1516 2745 4.

329 2776 660 2822 Contrabanda
687 2780 911 2824 statuitur
942 2781 991 2824 in
1021 2780 1256 2841 gallarum
1288 2777 1580 2831 collectores,
