1664 3204
652 199 715 209 m
779 183 854 225 142
916 198 986 208 m„

136 290 355 335 recidere
384 293 572 349 queant,
600 301 720 343 quae
751 300 841 345 per
859 284 1108 329 ministros
1135 285 1389 345 utriusque
1414 299 1522 328 con-

134 369 511 427 fessionispenes
534 361 796 424 specialem
821 363 1186 408 concessionem
1207 364 1521 420 dominalem,

138 457 218 494 aut
262 447 593 508 legitimorum
643 459 979 503 possessorum
1026 444 1363 504 possidentur,
1414 451 1461 488 et
1497 460 1523 488 e

138 541 367 573 converso
409 523 518 567 illae
550 523 881 580 fundationes,
921 540 1041 585 quae
1076 540 1161 569 seu
1196 525 1274 569 via
1303 524 1416 569 facti
1455 542 1527 570 oc-

138 613 351 666 cupatae,
387 620 471 648 seu
502 604 683 665 absque
717 620 952 647 consensu
979 604 1186 648 dominii
1214 603 1526 660 terrestralis,

137 695 182 731 et
219 682 554 745 legitimorum
591 683 1038 745 proprietariorum
1076 685 1136 728 ad
1175 684 1529 746 possessorium

137 764 538 811 concernentium
568 764 906 808 ministrorum
920 765 1157 826 precarie,
1195 772 1241 808 et
1270 763 1531 827 illegitime

138 847 463 900 devenerunt,
502 844 589 888 sub
622 844 774 888 ictum
803 844 1136 906 legitimarum
1174 844 1532 900 fundationum,

138 925 273 971 nulla
297 925 487 970 ratione
518 925 735 987 pertrahi
774 925 996 985 quirent,
1045 932 1159 969 tunc
1202 926 1251 970 in
1296 925 1384 969 tali
1425 941 1533 969 casu

150 1006 295 1049 citato
323 1006 530 1050 articulo
554 1005 872 1051 insistendum
902 1021 1015 1049 esse.
1049 1005 1161 1049 Nro,
1197 1008 1350 1052 10164
1390 1014 1528 1053 1807·

151 1086 242 1129 aul.

270 1164 360 1206 Pro
399 1163 498 1207 basi
548 1170 740 1218 autem,
797 1171 844 1210 et
878 1163 1199 1208 fundamento
1243 1162 1537 1226 quaestionis

141 1243 192 1287 in
229 1259 391 1287 casum
422 1260 516 1304 quo
555 1244 671 1288 haec
701 1251 953 1307 surgeret,
988 1245 1048 1290 ad
1071 1252 1289 1289 mentem
1323 1245 1370 1289 b.
1407 1259 1536 1287 reso-

143 1326 385 1370 lutionum
416 1324 666 1386 regiarum
701 1343 792 1386 pro
820 1325 978 1385 justo,
1028 1334 1075 1370 et
1117 1343 1271 1388 aequo
1315 1323 1540 1368 deciden-

141 1406 227 1450 dae
249 1439 260 1460 ,
308 1420 504 1464 semper
541 1404 715 1448 summi
762 1406 903 1450 debet
950 1407 1144 1451 actualis
1177 1413 1327 1451 status
1363 1420 1543 1466 posses-

148 1485 267 1530 sorii
318 1490 633 1539 tenutorum,
688 1492 735 1528 et
783 1503 895 1529 usus
937 1487 1207 1542 exercitus,
1258 1501 1357 1530 non
1408 1484 1541 1529 enim

141 1580 372 1625 suprema
438 1563 689 1607 executiva
763 1571 971 1625 potestas
1040 1582 1255 1627 unquam
1314 1565 1543 1619 admittit,

143 1650 196 1686 ut
229 1643 330 1704 quis
358 1642 667 1687 subditorum
706 1659 760 1687 ex
796 1644 997 1704 pacifico
1041 1651 1184 1688 antea
1215 1659 1311 1688 non
1351 1644 1545 1689 turbato

145 1739 262 1777 usu,
315 1730 362 1765 et
397 1722 688 1783 possessorio
718 1720 1077 1765 beneficiorum
1118 1737 1319 1766 suorum
1370 1721 1544 1778 excuti,

150 1811 199 1847 et
237 1802 594 1847 sustentationis
645 1817 755 1844 suae
800 1799 976 1844 mediis
1005 1801 1077 1846 vel
1127 1803 1178 1846 in
1214 1809 1356 1864 parte
1394 1802 1543 1847 etiam

145 1883 333 1946 privari
357 1881 532 1943 possit3
593 1879 871 1942 pastoribus
903 1881 1178 1926 animarum
1204 1888 1252 1926 et
1288 1879 1545 1942 cujuslibet

153 1963 388 2007 ecclesiae
433 1960 799 2006 fundationibus
835 1960 1122 2022 ceteroquin
1159 1961 1210 2006 in
1250 1961 1385 2005 omni
1421 1969 1545 2006 statu

148 2043 469 2104 praecipuam
501 2041 755 2104 regiminis
786 2041 1105 2087 attentionem
1137 2047 1184 2086 et
1222 2041 1542 2087 reflexionem

149 2124 483 2169 merentibus.··
867 2114 869 2119 ’

699 2402 978 2415 murnum-fvt!
