1664 3204
604 200 918 241 *vv-13⁴⁴*-

17 344 20 356 .
70 323 132 352 ne
182 306 312 369 juxta
345 306 567 368 priorem
607 306 879 352 eorundem
911 313 1088 352 statum
1115 310 1246 353 inter
1277 308 1464 358 colonos

16 365 20 438 1
69 385 216 447 positi
248 386 521 443 habentur,
570 387 731 443 tales,
781 387 862 449 qui
903 388 1206 433 constitutivo
1242 391 1465 436 octavalis

15 441 19 551 ἰ
69 466 292 511 sessionis
328 467 490 512 minus
530 466 743 523 habent,
788 469 849 513 ad
887 469 1066 514 seriem
1103 469 1459 531 inquilinorum

68 546 234 591 domos
265 525 549 592 habentium
578 554 849 608 ponantur,
886 555 933 593 et
966 564 992 593 e
1029 565 1258 595 converso
1308 549 1465 612 inqui-

64 625 155 670 lini
205 627 308 682 illi,
360 628 442 689 qui
499 626 861 672 constitutivum
911 626 1049 673 fundi
1095 631 1366 676 sessionalis
1412 633 1466 678 in

64 706 149 750 tali
177 707 438 768 quantitate
479 714 679 762 usuant,
729 705 883 768 qualis
933 709 1294 757 constitutivum
1316 712 1460 757 unius

63 793 256 831 octavae
283 785 557 830 colonicalis
596 801 683 830 seu
713 787 949 849 adaequat
969 820 983 844 ,
1038 805 1124 833 seu
1149 799 1361 852 superat,
1397 784 1466 835 in-

63 872 139 910 ter
179 865 370 911 colonos
404 866 689 912 sessionales
725 883 809 913 suo
839 867 945 913 loco
983 869 1280 916 inserantur.

543 996 783 1032 ARTICUL
795 995 862 1030 US
902 996 941 1033 V.

11 1092 149 1158 3De
230 1093 663 1154 qualitatibus
731 1094 1092 1139 sessionum
1155 1098 1464 1145 colonica-

663 1171 843 1217 lium.

8 1302 12 1348 ἐ
58 1315 101 1346 a.
138 1302 213 1346 De
245 1301 391 1357 fundi
427 1301 724 1346 extravillani
759 1302 982 1362 qualitate
1018 1313 1062 1349 et
1095 1305 1289 1362 defectus
1320 1306 1467 1353 redin-

9 1371 12 1382 ’
608 1382 880 1442 tegratione.

190 1488 386 1534 Praevie
439 1489 624 1534 calculo
671 1489 982 1534 arithmetico
1048 1490 1351 1552 expedienda
1393 1501 1464 1537 est

8 1552 11 1568 ¹
53 1569 335 1614 universalis
361 1569 596 1630 capacitas
613 1568 883 1614 fundorum
918 1570 1346 1616 extravfflanorum
1373 1589 1465 1617 ses-

6 1643 10 1693 Ξ
56 1649 314 1694 sionalium
363 1648 414 1693 in
469 1648 646 1693 tabella
694 1649 930 1694 urbariali
965 1650 1052 1693 sub
1109 1665 1213 1693 nro.
1255 1656 1301 1705 4,
1337 1659 1382 1695 et
1417 1664 1441 1699 5

5 1731 9 1803 ι’
56 1729 407 1791 expositorum,
449 1746 560 1774 cum
596 1729 908 1774 constitutivo
937 1736 983 1773 et
1001 1730 1150 1774 classe
1172 1745 1263 1791 pro
1286 1729 1376 1775 hoc
1394 1733 1469 1775 vel

7 1699 10 1720 l

5 1745 10 1781 P

4 1805 9 1870 J
56 1809 141 1853 illo
163 1810 268 1854 loco
300 1827 391 1871 per
419 1810 467 1857 b,
497 1810 841 1854 resolutionem
868 1810 1052 1872 regiam
1080 1811 1316 1866 emensis,
1348 1818 1395 1855 et
1420 1812 1469 1855 in

53 1891 220 1952 puncti
239 1890 497 1934 urbarialis
519 1894 597 1940 1.§
633 1888 736 1935 1.in
766 1889 925 1932 vacuis
949 1889 1064 1933 locis
1090 1905 1317 1951 expresso
1339 1907 1464 1935 com=

52 1970 286 2026 binanda,
325 1969 539 2031 haecque
581 1968 813 2030 capacitas
853 1968 905 2013 in
944 1975 1049 2013 octo
1079 1976 1241 2030 partes
1293 1970 1462 2027 div-isa,

54 2058 168 2112 quot
194 2065 401 2095 numero
424 2056 612 2094 octavas
639 2048 911 2110 praebebit,
948 2056 1018 2093 tot
1037 2064 1245 2093 numero
1269 2057 1462 2095 octavae-

57 2136 200 2173 erunt
231 2129 282 2173 in
319 2128 518 2174 rubrica
552 2128 763 2173 secunda
812 2128 1019 2173 tabellae
1066 2128 1324 2173 urbarialis
1368 2147 1461 2191 pro

58 2207 288 2269 qualitate
323 2208 546 2253 sessionis
585 2208 929 2269 exponendae,
978 2207 1064 2252 illa
1089 2223 1268 2268 nempe
1299 2210 1461 2256 moda-

53 2286 213 2343 litate,
256 2294 308 2331 ut
336 2288 373 2332 si
404 2294 696 2349 praeattacta
726 2286 989 2332 fundorum
1021 2287 1456 2337 extrav-issanorum

56 2370 293 2431 capacitas
336 2385 376 2414 e.
397 2386 442 2431 g.
482 2376 586 2413 octo
639 2375 824 2413 octavas
873 2367 1138 2430 praebeat,
1193 2377 1459 2426 exponatur

0 2451 5 2507 ζ
56 2468 150 2496 una
178 2451 399 2512 integra,
435 2457 480 2494 et
512 2450 579 2495 sic
611 2469 636 2496 a
662 2449 989 2513 proportione
1013 2449 1171 2512 maj0r
1199 2450 1274 2494 vel
1295 2452 1459 2496 minor

58 2530 277 2576 sessionis
310 2530 528 2592 qualitas.

190 2609 237 2654 Si
259 2617 421 2655 tamen
460 2611 693 2672 capacitas
720 2609 985 2655 fundorum
1025 2609 1459 2656 extravillanorum

58 2690 202 2734 talem
239 2691 534 2752 produceret
560 2690 929 2751 quantitativum
955 2706 1246 2746 numerum,
1283 2690 1364 2751 qui
1398 2690 1455 2734 de

0 2799 4 2819 ‚
59 2769 248 2832 integra
271 2772 491 2828 sessione,
521 2788 605 2816 seu
638 2778 743 2816 octo
771 2771 944 2816 octavis
970 2771 1159 2827 minus,
1190 2777 1236 2815 et
1264 2777 1452 2830 septem

0 2880 2 2890 ι
60 2853 233 2899 octavis
272 2853 403 2915 plus,
472 2861 515 2899 et
567 2855 630 2900 sic
672 2853 1014 2902 descendenter
1051 2868 1199 2915 usque
1239 2858 1451 2897 octavam
