1664 3204
573 252 641 263 m
700 232 773 274 28⁴1
840 252 908 264 m

187 344 229 385 4.
266 336 404 400 Quod
436 335 708 398 frequentes
735 331 870 380 casus
895 348 994 379 sese
1021 332 1240 388 offerant,
1275 339 1330 376 ut
1361 351 1434 378 co-

58 416 196 461 lonus
235 417 451 479 dupplici
502 433 689 478 quoque
725 415 1059 477 praestationis
1108 413 1250 475 hujus
1296 413 1438 457 oneri

59 495 371 556 subjiciatur,
418 513 527 540 cum
572 502 759 540 certum
801 496 880 550 sit,
924 495 1160 556 persaepe
1219 493 1276 537 ab
1323 491 1438 553 ipsis

56 576 201 620 etiam
247 574 672 620 communitatibus
718 574 1105 636 persecutionem
1152 581 1198 618 et
1229 571 1437 617 venatio-

59 670 173 698 nem
196 655 444 716 rapacium
478 653 727 709 serarum,
778 656 813 698 si
860 655 953 698 hae
988 653 1040 698 in
1079 651 1320 698 nonnullis
1364 667 1442 712 pe-

57 734 289 796 ripheriis
322 736 614 780 invalescant
638 768 650 789 ,
675 733 871 795 publica
899 731 1303 779 determinatione
1341 747 1439 775 me-

55 815 218 858 diante
251 815 495 870 ordinari,
531 814 591 857 ad
621 831 765 876 quam
795 831 904 858 cum
943 829 1111 858 omnes
1146 810 1440 856 indiscrimi-

60 894 213 937 natim
264 893 418 938 coloni
473 893 774 939 intervenire
822 894 1057 948 debeant,
1115 892 1222 936 illos
1271 892 1437 952 utique

53 973 202 1017 etiam
237 974 447 1018 subditos
483 992 600 1019 onus
631 974 722 1018 hoc
747 975 955 1019 secundo
995 971 1320 1034 contingeret,
1359 970 1441 1032 qui

55 1054 178 1099 hanc
222 1070 356 1099 suam
398 1054 743 1117 obligationem
783 1056 879 1113 jam
908 1055 998 1099 alia
1033 1054 1254 1101 robottae
1280 1051 1438 1112 specie

56 1133 276 1178 dominio
311 1133 500 1179 addicta
529 1136 798 1196 explevere.

183 1215 495 1260 Momenta
531 1232 643 1277 pro
692 1213 1107 1259 affirmativa:
1161 1213 1211 1256 B.
1258 1210 1436 1264 resolu·

54 1293 184 1338 tione
211 1295 355 1357 Regia
390 1313 491 1341 nro.
536 1297 626 1340 aul.
656 1300 792 1343 6127.
819 1307 891 1342 22.
932 1293 1035 1354 juni
1072 1297 1206 1339 1804.
1242 1289 1437 1335 reluitio

54 1375 314 1419 venationis
332 1376 588 1419 urharialis
602 1376 805 1420 admissa
832 1370 901 1417 est
919 1373 1069 1417 relate
1099 1371 1160 1414 ad
1189 1369 1440 1431 possessio-

48 1468 164 1496 nem
205 1455 502 1515 Zajeczfalu,
554 1462 600 1499 et
644 1454 736 1498 alia
781 1455 825 1498 b.
871 1450 1166 1496 resolutione
1207 1451 1293 1493 sub
1332 1466 1437 1497 nro,

57 1535 201 1586 9966.
234 1538 369 1580 1804.
407 1544 476 1586 19.
508 1528 773 1577 decembris
806 1531 966 1593 quoad
992 1528 1268 1574 Sirovnicza
1297 1528 1347 1572 in
1369 1544 1440 1571 co-

54 1608 230 1653 mitatu
260 1607 566 1653 Castriferrei
594 1609 927 1654 conformiter.

186 1689 239 1731 In
281 1688 500 1745 casibus,
525 1723 529 1726 .
559 1691 642 1733 ubi
684 1691 962 1733 venationes
1011 1693 1332 1740 exercentur„
1390 1691 1440 1728 et

58 1766 141 1811 ubi
180 1767 339 1812 coloni
385 1776 552 1829 sponte
602 1769 806 1830 propria
851 1768 902 1810 in
961 1767 1128 1810 locum
1180 1763 1444 1831 venationis

59 1848 398 1907 praestandae,
426 1849 543 1893 alios
569 1848 808 1909 domipro
840 1854 977 1908 parte
997 1846 1202 1890 dominii
1215 1859 1447 1906 peragen-

59 1927 141 1971 dos
169 1926 361 1972 labores
400 1928 569 1972 eadem
588 1943 818 1971 mensura
846 1926 895 1970 in
921 1942 967 1970 se
993 1930 1294 1970 assummunt
1313 1955 1326 1978 ,
1363 1922 1440 1965 do-

59 2005 267 2050 minium
293 2014 453 2052 autem
483 2006 732 2051 talismodi
767 2007 952 2051 labores
980 2005 1285 2065 acceptando,
1324 2018 1442 2046 onus

58 2087 332 2131 venationis
376 2087 558 2132 colonis
604 2089 885 2132 incumbens
919 2102 1009 2147 pro
1054 2092 1191 2146 parte
1243 2084 1442 2128 illorum

58 2168 274 2229 propriis
302 2169 579 2214 hominibus
601 2202 614 2226 ,
651 2177 697 2214 et
720 2169 1027 2214 venatoribus
1057 2164 1246 2227 expleri
1289 2170 1442 2218 curat,

62 2255 327 2310 spontanea
364 2248 699 2294 venaticorum
737 2250 959 2294 laborum
995 2248 1218 2300 reluitio‚
1264 2260 1346 2288 seu
1393 2242 1445 2287 in

57 2332 170 2376 alias
206 2347 376 2393 operas
405 2330 746 2375 transmutatio
773 2346 830 2374 eo
864 2330 1014 2392 magis
1056 2330 1217 2373 locum
1254 2324 1439 2368 habere

60 2418 235 2472 potest,
271 2411 400 2473 quod
435 2411 537 2454 hac·
560 2411 747 2455 ratione
779 2411 815 2454 si
840 2409 1067 2454 videlicet
1103 2424 1193 2469 per
1218 2404 1442 2468 proprios

62 2490 330 2534 dominales
360 2490 576 2550 sylvanos
608 2497 690 2533 aut
704 2495 952 2534 venatores
969 2489 1028 2533 ad
1056 2503 1270 2549 scopum,
1297 2498 1442 2546 quem

61 2570 317 2615 urbarium
342 2584 483 2613 causa
514 2571 698 2631 publici
725 2570 872 2614 etiam
902 2569 1210 2624 intendebat,
1247 2563 1442 2609 aliunde

61 2651 216 2713 magis
248 2652 542 2713 qualificatos
583 2652 775 2697 venatio
805 2652 1004 2696 realiter
1035 2656 1338 2702 exerceatur,
1395 2650 1444 2688 et:

0 2771 1 2790 ἦ
63 2730 170 2780 fini's
212 2732 608 2795 extirpandarum
650 2731 1203 2777 serarum-nocivarum
1256 2727 1298 2772 si
1343 2741 1444 2770 non

67 2806 271 2869 certius,
307 2815 572 2877 aequaliter
610 2822 770 2862 tamen
795 2813 1122 2868 obtineatur,
1174 2817 1220 2855 et
1257 2807 1444 2853 colono*
