1664 3204
550 174 888 229 «rw-2570*-

41 286 212 342 putus)
239 293 330 341 per
371 279 641 326 dominium
676 281 866 327 subdito
907 279 1206 327 instantanee
1247 290 1416 344 parato

42 357 328 403 bonificetur
349 391 363 415 ,
411 357 450 404 si
479 375 593 405 vero
627 361 768 423 culpa
817 360 995 406 subditi
1027 363 1259 406 restantia
1290 363 1419 408 labo-

40 453 155 482 rum
180 438 499 484 urbarialium
523 439 740 497 eveniat,
775 439 915 500 hujus
938 441 1314 503 compensandae
1350 441 1420 486 in-

41 515 172 562 tuitu
196 517 242 564 b,
279 517 536 564 urbarialis
562 519 877 582 regulationis
906 522 1259 584 praescriptum
1292 537 1422 566 accu-

40 604 147 643 rate
174 599 468 644 observetur.

171 679 278 723 Una
322 693 438 723 vero
484 676 671 721 domini
717 684 995 735 terrestres,
1060 680 1419 741 eorundemque

38 754 266 801 officiales
309 763 641 813 moneantur,
688 773 748 801 ne
793 756 1015 820 deinceps
1059 760 1269 804 subditos
1312 775 1417 804 suos

5 843 7 845 ’
39 842 175 881 extra
215 837 454 898 expletam
502 836 847 899 obligationem
888 855 1023 882 suam
1059 839 1321 900 anticipato
1361 840 1421 884 ad

38 917 252 961 robottas
304 917 609 978 compellant.
696 919 835 962 Instr.
885 934 1016 981 exeq.
1056 935 1181 981 mag.
1219 936 1322 980 cap.
1366 921 1420 964 V.

38 994 77 1054 ᾗ,
114 1007 188 1043 30.

167 1078 285 1121 Usus
329 1084 401 1121 est
432 1077 484 1121 in
510 1078 676 1124 multis
704 1079 961 1137 dominiis,
995 1087 1048 1124 ut
1073 1080 1290 1134 labores,
1337 1078 1420 1139 qui

38 1170 96 1199 ex
132 1155 367 1200 urbariali
405 1156 704 1221 obtingentia
728 1159 963 1222 compleri
1006 1176 1101 1205 non
1140 1174 1280 1220 posse
1316 1174 1421 1201 cen-

37 1243 232 1294 sentur,
266 1254 357 1299 per
382 1238 596 1282 subditos
623 1239 728 1284 illos
754 1273 768 1296 ,
817 1239 899 1301 qui
933 1239 1034 1283 aliis
1064 1256 1177 1301 erga
1201 1244 1421 1299 paratam

35 1317 262 1362 laborare
289 1326 667 1375 consueverunt,
703 1326 749 1364 et
784 1320 980 1381 quidem
1009 1319 1143 1364 illam
1163 1351 1176 1373 ,
1213 1332 1334 1378 quae
1365 1332 1421 1360 ex

32 1404 171 1458 parte
190 1397 444 1443 comitatus
461 1397 702 1442 limitatur
726 1399 1023 1453 mercedem,
1035 1397 1205 1458 perfici
1220 1398 1417 1450 soleant,

35 1493 169 1521 casus
200 1484 363 1521 tamen
391 1478 574 1533 adesse,
599 1485 652 1521 ut
673 1478 800 1539 apud
821 1479 1071 1522 nonnullas
1104 1476 1422 1521 communita-

34 1564 103 1601 tes
127 1557 352 1612 vecturis,
376 1564 423 1601 et
446 1557 719 1601 transennis
742 1557 948 1617 publicis
966 1558 1175 1603 nimium
1203 1563 1417 1619 gravatas

39 1636 213 1682 evitari
242 1653 339 1681 non
359 1637 524 1697 possit,
559 1643 611 1679 ut
635 1637 751 1680 dum
766 1637 986 1682 nonnulli
1014 1637 1075 1681 ob
1093 1636 1425 1681 absentiamin

37 1715 246 1761 vecturis
289 1713 513 1776 publicis,
537 1715 832 1759 restantiarii
873 1717 1031 1776 quoad
1058 1716 1245 1759 labores
1273 1714 1426 1759 domi-

36 1795 175 1840 natui
220 1793 408 1839 debitos
457 1800 679 1849 manent,
754 1794 835 1837 alii
884 1794 933 1838 in
986 1793 1168 1837 robot
1191 1793 1267 1837 tis
1325 1811 1421 1838 non

40 1878 156 1940 quid
181 1883 557 1938 supererogent,
592 1875 1077 1936 supererogationem
1113 1881 1274 1918 tamen
1298 1874 1421 1918 hanc

40 1974 150 2002 cum
196 1956 404 2012 subditi,
475 1955 556 2016 qui
607 1954 985 2015 competentiam
1030 1971 1163 1998 suam
1206 1952 1422 1996 urban-ia-

40 2037 138 2082 lem
163 2035 438 2090 absolvunt,
489 2035 549 2078 ad
582 2033 839 2078 ulteriores
870 2033 1057 2077 labores
1094 2031 1298 2094 obligari
1330 2048 1426 2076 non

38 2116 251 2179 possint,
288 2130 428 2176 saepe
455 2113 709 2173 judicibus,
745 2120 789 2157 et
825 2111 1151 2173 subjudicibus
1183 2111 1426 2171 imputan-

41 2197 154 2240 dam
186 2195 383 2249 venire,
443 2193 523 2254 qui
560 2200 686 2238 recte
719 2191 828 2236 ideo
863 2208 889 2235 a
926 2190 1175 2235 laboribus
1213 2188 1429 2233 domina-

39 2273 164 2319 libus
182 2273 424 2318 immunes
460 2287 561 2316 esse
591 2273 757 2327 solent,
791 2278 843 2315 ut
868 2269 1157 2315 subditelam
1182 2285 1262 2312 sua
1283 2265 1426 2322 serie,

42 2361 90 2398 et
113 2353 235 2413 justa
264 2352 580 2415 proportione
622 2353 682 2396 ad
716 2352 901 2396 labores
926 2351 1186 2396 dominales
1219 2348 1427 2410 compel-

43 2435 169 2490 lant,
207 2450 258 2477 ac
287 2433 450 2477 taliter
474 2431 921 2494 supererogationi,
964 2432 1040 2476 vel
1080 2429 1318 2475 restantiis
1355 2444 1428 2471 ro-

42 2512 318 2569 bottarum,
358 2511 596 2558 sufficiens
635 2512 756 2557 obex
787 2519 1011 2573 ponatur.
1078 2511 1265 2554 Merces
1299 2509 1430 2553 labo-

46 2592 116 2636 ris
158 2591 346 2636 idmodi
381 2591 571 2654 generis
601 2607 794 2653 semper
823 2591 943 2636 solvi
969 2591 1112 2635 debet
1139 2589 1271 2650 juxta
1306 2587 1431 2631 limi-

46 2672 286 2717 tationem
337 2672 618 2726 comitatus,
679 2669 817 2729 cujus
854 2667 1136 2723 activitatis,
1192 2674 1238 2714 et
1278 2666 1429 2712 officii

46 2759 135 2810 est,
172 2768 367 2815 semper
397 2752 495 2799 visa
520 2751 798 2797 mutationis
834 2749 1117 2796 necessitate
1143 2748 1425 2794 mercedem

1056 2829 1095 2873 R
