1664 3204
712 189 1048 238 ..ms-1482...-

190 325 288 353 non
323 305 606 350 succedente
637 295 887 357 (alioquin
925 294 1167 356 quibusvis
1200 300 1360 338 terrae
1407 291 1566 336 infixis

194 388 245 431 in
272 381 608 429 conformitate
649 383 736 418 art.
772 385 846 422 22.
881 373 1024 420 Ulad.
1074 373 1251 418 decret.
1293 385 1319 420 2
1353 371 1572 416 dominio

194 459 460 510 tei-restrali
497 456 808 504 cedentibus)
845 461 891 498 et
919 470 1029 497 cum
1058 453 1204 497 rebus
1229 451 1322 496 suis
1359 467 1471 514 erga
1501 467 1576 494 ex-

194 539 440 601 cipiendas
502 534 822 580 nihilominus
873 531 1222 577 testimoniales
1280 529 1575 574 vicecomitis

194 617 526 663 concernentis
581 616 835 659 comitatus
860 646 873 669 ,
903 620 950 657 et
1014 610 1222 656 dominii
1264 609 1576 654 ·terrest1·alis

193 708 340 759 (quas
370 695 644 740 dominium
670 694 946 740 terrestrale
980 692 1102 737 datis
1122 692 1220 754 jam
1262 705 1352 752 per
1388 689 1577 735 viceco-

192 777 367 820 mitem
390 774 794 818 testimonialibus
822 789 903 817 sua
927 789 983 816 ex
1003 779 1140 833 parte
1170 770 1304 815 nullo
1337 771 1423 817 sub
1445 786 1582 832 prae-

197 865 327 901 textu
353 871 529 917 negare
559 853 748 915 possit)
779 851 1127 914 praeviamque
1160 852 1289 895 circa
1315 848 1495 895 festum
1525 855 1580 894 st.
1617 893 1624 899 ,

192 935 442 981 ΙῊίοΙιεὶείἱε
474 933 755 996 archangeli
781 932 1157 977 insinuationem
1183 932 1234 977 in
1259 937 1392 976 certo
1417 927 1584 974 termi-

192 1035 284 1073 n0‚
330 1016 449 1060 sesto
483 1015 663 1075 quippe
705 1013 931 1074 Gregorii
966 1028 1152 1073 papae,
1210 1012 1433 1072 adeoque
1483 1025 1584 1054 non

195 1096 359 1158 quovis
405 1093 520 1137 anni
570 1100 790 1153 tempore
841 1091 994 1136 libere
1047 1108 1140 1153 quo
1206 1088 1480 1144 voluerint,
1529 1104 1578 1133 se

194 1175 454 1219 transferre
482 1172 843 1233 permittantur.
903 1173 1010 1233 Quo
1052 1170 1371 1215 nihilominus
1427 1169 1586 1214 omnis

194 1254 333 1296 dolus
361 1260 405 1298 et
431 1250 562 1295 fraus
598 1267 688 1311 per
736 1250 1033 1295 clancularie
1061 1251 1360 1296 attentandas
1397 1251 1586 1294 colono-

191 1348 305 1374 rum
355 1329 705 1392 migrationes,
762 1337 810 1373 et
857 1329 1156 1391 receptiones
1207 1336 1580 1391 praecaveatur,

195 1410 384 1453 domini
432 1416 684 1452 terrestres
742 1408 1009 1470 migrantes
1054 1410 1333 1473 hujusmodi
1389 1410 1583 1453 colonos

176 1489 297 1532 *sine
343 1487 744 1532 testimonialibus
787 1488 1165 1548 praedeclaratis
1219 1489 1440 1549 recipere
1489 1504 1586 1532 non

194 1569 412 1628 possint,
450 1583 584 1611 secus
625 1574 788 1611 autem
823 1565 1052 1613 facientes
1083 1584 1269 1629 poenae
1297 1574 1468 1612 contra
1509 1566 1588 1609 de-

196 1655 411 1691 tentores
444 1647 761 1709 fugitivorum
793 1649 1080 1692 colonorum
1123 1654 1326 1692 statutae
1371 1653 1418 1689 et
1459 1643 1586 1689 refu-

197 1725 322 1770 sioni
360 1727 644 1786 quorumvis
673 1727 969 1782 debitorum,
1001 1727 1097 1771 sive
1125 1726 1454 1788 publicorum,
1489 1725 1587 1770 sive

194 1805 499 1867 privatorum
514 1822 600 1866 per
616 1806 856 1867 ejusmodi
875 1807 1074 1852 colonos
1097 1814 1475 1862 contractorum,
1512 1822 1586 1850 ex-

195 1901 554 1947 pensarumque
599 1886 649 1930 in
682 1886 821 1930 litem
852 1889 1212 1949 erogandarum
1249 1886 1584 1948 subjiciantur.

193 1968 262 2010 Ne
295 1972 457 2009 tamen
500 1972 660 2025 partes
694 1965 883 2025 aliquae
927 1968 1062 2028 regni
1095 1968 1275 2028 populo
1322 1966 1584 2020 nudentur,

197 2054 243 2092 et
280 2064 388 2090 cum
419 2045 716 2089 detrimento
744 2053 888 2089 status
922 2047 1105 2107 publici
1144 2047 1366 2108 periculo
1403 2046 1586 2090 desola-

197 2125 344 2169 tionis
376 2131 712 2185 exponantur,
748 2124 1071 2187 invigilabunt
1095 2127 1377 2181 comitatus,
1413 2140 1473 2168 ne
1499 2141 1586 2168 nu-

198 2221 419 2249 merosae
436 2237 449 2260 ,
486 2212 532 2248 et
560 2221 671 2249 cum
695 2204 898 2250 notabili
919 2205 1057 2251 fundi
1083 2205 1268 2268 publici
1291 2205 1583 2249 detrimento

201 2293 278 2329 aut
322 2285 630 2346 integrorum
680 2286 907 2329 locorum
951 2286 1253 2332 desolatione
1300 2285 1583 2348 conjunctae

202 2380 227 2407 e
267 2365 338 2408 sui
364 2363 556 2426 gremio
585 2364 928 2427 emigrationes
965 2365 1204 2412 eveniant.
1228 2368 1323 2411 Art.
1353 2378 1431 2416 55.
1461 2376 1581 2421 1791

797 2455 918 2489 ART.
954 2456 1009 2491 II.

257 2528 328 2572 De
354 2530 427 2584 iis,
466 2547 579 2591 quae
612 2531 749 2577 relate
775 2533 833 2577 ad
850 2534 1167 2588 migrationem
1195 2535 1455 2582 colonorum
1472 2534 1521 2580 de

657 2600 794 2659 praxi
831 2600 1142 2646 observantur.

341 2698 379 2731 1.
410 2687 629 2749 Migrare
662 2694 824 2738 volens
851 2702 959 2740 ante
991 2696 1157 2740 omnia
1189 2712 1355 2740 coram
1389 2693 1587 2738 domino

205 2764 428 2809 terrestri
454 2783 537 2811 suo
558 2769 722 2816 locum
750 2772 940 2819 suturae
983 2776 1246 2821 mansionis
1276 2783 1322 2819 et
1355 2774 1482 2820 vitae
1509 2788 1589 2835 ge-
