1664 3204
620 163 987 207 wm179m

42 264 335 312 beneficium
372 264 461 310 hoc
490 272 537 309 et
567 269 906 313 commoditati
931 268 1224 327 incolarum,
1261 280 1309 316 et
1333 291 1426 320 scor?

41 364 104 408 po
135 346 387 391 obtinendi
412 363 502 408 pro
531 350 881 394 communitate
906 350 1018 412 justi
1057 360 1319 412 proventus
1358 372 1428 401 re-

43 428 310 489 spondeat,
347 429 659 490 attemperari
688 431 819 474 solet.
857 430 930 474 Sic
960 448 999 476 e.
1058 449 1101 493 g.
1153 436 1425 479 communi-

0 506 1 510 ’
40 515 108 551 tas
129 508 296 552 Mehal
334 509 385 554 in
422 509 654 554 comitatu
680 511 982 556 temessiensi
1009 511 1157 555 habet
1177 518 1218 559 [4.
1250 514 1427 559 educil-

41 587 88 630 la
126 606 248 632 mmo
287 599 423 637 1810.
447 588 498 633 in
537 598 657 637 1800
698 589 746 636 fl.
774 590 824 633 in
871 591 1104 635 arendarn
1133 592 1316 645 locata,
1352 595 1430 638 de-

37 665 302 728 signatione
330 667 575 712 localitatis
616 667 1064 728 quaestionatorum
1116 676 1158 717 4.
1203 672 1429 718 educillo-

0 710 174 802 lrum,
211 747 376 791 habita
412 754 575 791 tamen
623 747 848 807 publicae
894 749 1164 793 securitatis
1207 752 1427 809 ratione,

0 801 3 886 l
36 826 166 871 intra
192 826 428 870 ambitum
457 826 761 871 intravillani
790 828 979 882 fienda,
1020 829 1078 872 ab
1111 828 1316 874 arbitrio
1356 833 1427 893 ip-

0 900 1 933 Ῑ
37 907 130 950 sius
155 907 518 952 communitatis
550 908 871 968 dependente.
908 908 980 951 Sic
1003 908 1053 951 in
1069 907 1249 969 oppido
1271 911 1422 956 Bekes

34 985 130 1030 tria
155 1003 245 1047 pro
266 988 614 1032 communitate
636 987 845 1032 educilla
872 994 982 1033 sunt
1012 989 1177 1033 defixa.
1212 996 1298 1033 etc.
1337 997 1423 1035 etc.

643 1115 764 1150 ΛΒΤ.
791 1114 842 1151 Χ,

32 1192 106 1237 De
138 1191 394 1252 provisione
410 1192 546 1238 relate
565 1193 622 1237 ad
638 1193 993 1254 epocillationem
1018 1194 1116 1238 vini
1153 1194 1201 1238 in
1223 1187 1424 1241 Banna.

164 1301 335 1364 Quoad
363 1301 757 1362 epocillationem
803 1302 904 1346 vini
941 1301 1118 1345 colonis
1165 1301 1423 1347 admissam

32 1380 203 1426 eadem
231 1388 302 1424 est
329 1381 475 1424 etiam
517 1381 568 1423 in
592 1381 828 1425 banaticis
854 1381 1160 1425 comitatibus
1206 1382 1420 1440 provisio

28 1458 164 1521 juxta
191 1458 447 1503 urbarium
467 1460 748 1504 banaticum
779 1477 878 1521 cap,
915 1460 972 1504 ΙΙ.
1005 1465 1043 1510 ᾗ.
1089 1473 1126 1505 1.
1163 1474 1219 1500 eo
1261 1466 1421 1505 tamen

33 1538 228 1594 addito,
264 1538 597 1600 provisionem
645 1537 838 1583 articuli
871 1542 945 1586 56.
987 1549 1128 1587 1550.
1169 1539 1320 1584 relate
1364 1542 1424 1585 ed

29 1619 425 1679 epocillationem
460 1619 598 1664 unice
647 1618 707 1662 de
768 1619 940 1663 talibus
987 1620 1422 1667 communitatibus

27 1696 270 1759 intelligi,
304 1713 423 1758 quae
447 1697 670 1758 proprias
701 1697 867 1741 vineas
914 1698 1125 1754 habent,
1163 1717 1324 1762 neque
1366 1704 1425 1748 ad

28 1780 143 1824 talia
175 1780 280 1823 loca
312 1778 506 1823 extendi
528 1785 712 1839 potest,
751 1795 842 1838 que
891 1793 1072 1837 paucos
1111 1779 1288 1824 vitibus
1336 1781 1425 1826 im-

30 1860 269 1921 plantatos
294 1859 463 1902 hortos
481 1889 493 1913 ,
529 1865 575 1900 et
605 1875 702 1902 non
728 1855 928 1918 proprie
951 1860 1315 1917 promontoria,
1345 1869 1425 1905 aut

33 1938 175 1981 colles
189 1936 404 1981 vitiferos
427 1937 624 1993 hahent,
647 1953 699 1981 ac
727 1936 936 1997 proinde
966 1936 1130 1980 vineae
1157 1938 1245 1982 hae
1263 1971 1276 1993 9
1301 1955 1420 2000 quae

30 2033 127 2061 non
157 2018 217 2061 ad
249 2016 497 2061 ordinaria
519 2016 890 2078 promontoria,
928 2015 1012 2060 sed
1047 2023 1234 2063 tantum
1259 2021 1317 2063 ad
1345 2037 1419 2064 ex-

27 2099 385 2144 trasessionales
415 2099 588 2145 fundos
628 2101 905 2162 pertinent,
961 2099 1022 2141 ad
1061 2100 1307 2144 evitandos
1349 2116 1421 2143 er-

26 2195 160 2224 rores
190 2179 350 2225 debite
377 2180 763 2225 conscribantur.
798 2181 939 2225 Tales
971 2180 1105 2224 horti
1125 2179 1300 2224 vitibus
1330 2179 1418 2223 im-

29 2261 232 2323 plantati
266 2260 584 2305 conformiter
621 2261 795 2306 ceteris
828 2259 1100 2305 fructiferis
1124 2261 1282 2304 hortis
1311 2277 1418 2305 con-

27 2342 306 2387 siderentur
323 2372 336 2396 ,
362 2341 420 2385 ab
448 2339 540 2384 illis
567 2341 774 2401 proinde
796 2341 926 2385 nulla
949 2340 1137 2385 decima
1159 2372 1171 2395 ,
1210 2340 1293 2384 sed
1312 2339 1415 2384 uni-

26 2437 77 2465 ce
103 2419 407 2465 industrialis
466 2422 731 2482 praestatio
769 2429 915 2483 prout
950 2437 976 2465 a
1015 2420 1184 2466 ceteris
1228 2421 1411 2476 hortis,

27 2500 242 2546 dominio
273 2500 581 2562 dependitur.

155 2581 333 2626 Colono
364 2588 432 2626 est
453 2580 644 2625 licitum
676 2597 771 2625 non
796 2586 985 2624 tantum
1023 2597 1164 2625 suum
1201 2579 1251 2624 in
1296 2580 1410 2623 alte·

24 2656 124 2707 rius
151 2669 352 2707 terreno
386 2669 702 2724 procreatum
739 2661 908 2705 vinum
949 2662 1043 2705 fine
1092 2659 1409 2706 conservatio-

24 2740 97 2785 nis
130 2742 189 2785 ad
214 2759 352 2787 suum
394 2742 729 2798 domi‹·ilium‚
764 2744 837 2786 vel
865 2759 953 2803 pro
985 2742 1186 2804 proprio
1229 2758 1315 2786 usu
1339 2741 1405 2784 in-

1021 2822 1075 2864 M
1111 2833 1137 2870 2
