1664 3204
713 180 1058 220 -ae-33o—-0-

183 288 458 337 timandum
498 285 660 337 habet,
697 300 810 327 cum
835 300 926 345 per
950 284 1266 344 praecitatam
1302 285 1565 350 benignam

179 357 454 402 normalem
483 349 836 394 resolutionem
879 349 1088 395 vetitum
1123 368 1220 395 non
1257 352 1346 404 sit,
1382 355 1570 414 quomi-

181 441 269 467 nus
301 418 621 483 praeallatum
645 416 891 475 objectum
918 417 1175 461 amotionis
1205 417 1488 464 colonorum
1519 420 1570 465 in

183 489 296 533 sede
323 482 574 536 dominati,
616 481 847 526 methodo
874 482 1051 545 quippe
1077 481 1238 545 legali,
1275 489 1323 526 et
1348 482 1564 530 hucdum

180 570 272 597 usu
306 552 497 595 firmata
522 547 752 592 assummi
779 555 826 592 et
870 549 1160 610 pertractari
1192 555 1362 609 queat,
1398 563 1570 595 verum

180 617 348 663 novius
378 613 679 676 praescripta
729 630 900 658 norma
941 615 1082 659 unice
1125 613 1256 659 viam
1292 613 1572 660 breviorem

181 691 229 727 et
259 680 603 742 compendium
627 686 908 740 sumptuum
929 713 940 735 ,
992 681 1044 724 in
1100 679 1453 744 frequentiores
1502 699 1571 726 se-

179 748 315 792 ‹lium
347 745 672 791 dominalium
696 746 1043 791 celebrationes
1077 747 1440 809 erogandorum
1476 763 1570 808 pro

177 830 320 874 scopo
350 814 552 865 habeat,
589 818 635 855 et
664 811 737 854 vel
765 812 873 857 ideo
904 815 954 857 in
996 813 1210 858 savorem
1249 813 1569 858 dominorum

174 879 485 923 terrestrium
530 876 836 934 subserviat,
882 879 996 923 hinc
1039 880 1244 924 eandem
1305 877 1574 940 benignam·

172 945 521 990 resolutionem
557 943 744 1005 regiam
776 960 832 987 eo
861 961 1001 989 sensu
1031 945 1367 1005 accipiendam
1417 960 1517 988 esse
1543 977 1558 1000 ‚

178 1011 306 1072 quod
333 1008 562 1054 dominiis
588 1010 946 1055 ten-restralihus
993 1010 1209 1055 liberum
1257 1016 1454 1054 maneat
1472 1043 1485 1065 ,
1522 1016 1570 1054 et

173 1077 315 1121 unice
347 1078 405 1121 ab
434 1092 605 1121 eorum
630 1074 836 1120 arbitrio
863 1077 1162 1138 dependeat,
1198 1083 1367 1121 utrum
1407 1074 1569 1121 favore

170 1142 468 1204 praecitatae
501 1141 745 1203 benignae
784 1142 1095 1187 resolutionis
1125 1142 1195 1186 uti
1218 1176 1230 1195 ,
1267 1143 1482 1204 adeoque
1517 1141 1569 1185 in

170 1208 435 1252 emersuris
464 1207 647 1252 casibus
688 1207 931 1267 objectum
982 1209 1238 1253 amotionis
1281 1209 1568 1253 colonorum

171 1275 407 1318 alterutra
437 1274 514 1317 via
536 1307 548 1329 ,
587 1271 768 1336 quippe
813 1282 894 1318 aut
941 1291 1104 1319 coram
1143 1275 1254 1319 sede
1300 1272 1537 1318 dominali
1554 1305 1568 1328 ,

170 1346 250 1383 aut
277 1356 394 1383 vero
429 1340 644 1384 breviori
668 1339 899 1384 methodo
925 1341 1057 1400 juxta
1081 1356 1307 1385 normam
1328 1356 1418 1384 neo
1432 1353 1570 1400 prae-

171 1405 405 1466 scriptam
434 1406 661 1451 assumrni
697 1413 743 1448 et
771 1407 1064 1455 pertractari
1094 1407 1251 1450 facere
1281 1404 1463 1458 velint,
1491 1403 1571 1447 da-

169 1478 275 1514 tum
314 1488 369 1516 ex
399 1472 609 1516 Consilio
655 1471 794 1530 regio
829 1472 1257 1518 locumtenentiali
1296 1467 1569 1533 hungarico

169 1537 336 1580 Budae
371 1536 448 1582 die
485 1550 561 1586 51.
594 1536 776 1582 mensis
824 1539 942 1582 maii
985 1549 1125 1587 1803.
1175 1538 1420 1582 celebrato
1463 1550 1569 1578 nro.

178 1608 350 1663 15874.

301 1683 336 1711 c.
359 1669 409 1711 ln
427 1684 550 1711 nexu
571 1666 815 1727 benignae
831 1664 1144 1709 resolutionis
1183 1663 1345 1725 regiae
1366 1695 1379 1718 ,
1410 1664 1571 1725 quoad

167 1732 476 1775 subditorum
507 1747 531 1773 e
565 1729 858 1774 sessionibus
886 1729 1236 1774 colonicalibus
1266 1729 1567 1774 amotionem

169 1798 282 1840 ado.
319 1808 389 1843 15.
405 1795 528 1857 junii
550 1803 688 1843 1802.
708 1812 812 1840 nro.
838 1799 1009 1851 12926.
1027 1794 1335 1839 circulariter
1353 1795 1570 1856 publica-

175 1871 271 1917 tae,
300 1863 498 1923 dignata
522 1868 592 1905 est
633 1878 716 1906 sua
762 1860 988 1921 Majestas
1038 1860 1364 1906 sacratissima
1401 1861 1565 1906 medio

167 1935 399 1972 recenter
435 1927 592 1971 editae
619 1927 823 1988 praevio
859 1929 909 1972 in
948 1927 1128 1972 merito
1161 1926 1404 1988 benignae
1452 1942 1565 1971 suae

169 1993 531 2055 explanatoriae
559 1992 867 2037 resolutionis
900 1994 1064 2056 regiae
1079 2026 1092 2045 ,
1143 2010 1168 2036 a
1185 2009 1207 2036 c
1224 1999 1240 2036 t
1255 1992 1272 2036 i
1289 1991 1344 2035 vi
1362 2000 1377 2036 t
1392 2009 1417 2036 a
1435 1999 1452 2035 t
1470 2009 1494 2036 e
1516 2008 1567 2036 m

173 2078 195 2101 :22
219 2059 738 2103 xmittendorum
811 2077 925 2119 pro
1000 2059 1322 2103 abaestim
1344 2058 1431 2102 ati
1454 2074 1565 2102 one

171 2127 565 2170 colonorum
601 2124 847 2185 judicis
887 2125 1220 2171 nobilium
1257 2140 1388 2170 cum
1437 2123 1565 2168 sibi

171 2190 485 2247 adjuncto
522 2191 863 2251 jurassore
885 2226 898 2248 ,
934 2209 1044 2237 nec
1095 2208 1169 2236 no
1193 2207 1223 2233 n
1271 2190 1420 2235 fisci
1455 2205 1567 2234 ma-

169 2258 421 2330 gi3t1-at
447 2275 476 2301 u
500 2259 648 2313 alis,
704 2275 870 2318 pure
943 2258 1016 2302 ad
1089 2257 1557 2318 quaestionem

167 2323 379 2380 illam,
415 2341 554 2369 num
589 2322 1013 2369 fundamenta
1047 2321 1398 2369 amotionis
1436 2321 1565 2365 sub-

169 2388 293 2433 diti
330 2390 573 2443 adsint,
610 2390 859 2434 modali
882 2398 1005 2435 tate
1053 2390 1116 2434 in
1173 2405 1205 2448 p
1230 2387 1561 2432 raecitato

170 2456 490 2500 circulari
529 2455 850 2500 intimato
892 2453 1241 2518 proposita
1276 2471 1300 2498 c
1327 2453 1382 2498 le
1405 2469 1556 2498 men-

170 2527 265 2563 ter
303 2529 621 2567 extensam
657 2522 903 2569 haberi.

296 2589 647 2651 Negotium
704 2595 918 2633 autem
977 2587 1087 2631 aba
1110 2581 1561 2630 estimationis

169 2669 276 2697 seu
364 2653 890 2700 bonificationis
970 2649 1564 2714 superaedificato-

168 2735 337 2775 rum,
399 2721 970 2775 meliorationum,
1018 2717 1417 2763 investition
1441 2730 1559 2768 um,

171 2793 288 2834 aut
347 2787 765 2850 reliquarum
843 2786 1018 2834 inter
1073 2782 1447 2833 dominium
1501 2785 1561 2824 et
