1664 3204
96 311 236 327 mm·
242 309 379 323 mm
386 308 521 323 mm
526 307 806 322 “stuwi-nuum
814 306 880 318 ῑννι
886 306 952 318 mn
959 305 1023 316 ⁸21!
1029 304 1095 315 ms*
1101 302 1167 315 *unt*
1174 301 1241 313 uz·
1253 301 1315 314 m
1324 299 1463 313 vnum

387 759 1168 809 INTRODUCTIO.

634 873 777 883 mvsav-
784 873 920 883 mm*-

75 1024 288 1112 Fundi,
336 1071 450 1117 quos
496 1053 544 1098 vi
580 1053 848 1114 systematis
878 1054 1137 1100 urbarialis
1171 1056 1358 1114 coloni,
1396 1074 1473 1103 ve.

75 1149 147 1194 lut
192 1146 543 1194 usufructuarii
586 1148 868 1208 possident,
900 1149 1098 1194 veniunt
1131 1151 1334 1196 nomine
1364 1168 1476 1198 con-

77 1243 281 1287 stitutivi
328 1243 626 1296 sessionaliS‚
676 1242 803 1303 quod
844 1248 1010 1286 tenuta
1051 1245 1336 1290 colonicalia
1372 1253 1474 1291 tam

74 1336 205 1381 intra
254 1352 397 1396 quam
429 1335 747 1378 extravillana
778 1333 829 1378 in
852 1342 983 1378 certa
1011 1351 1268 1393 mensura,
1305 1355 1475 1383 nume-

70 1447 148 1486 ro,
178 1436 224 1472 et
257 1428 486 1490 qualitate
521 1443 632 1489 erga
666 1427 1018 1490 obligationem
1044 1429 1313 1474 defixarum
1337 1449 1475 1492 prae-

75 1523 366 1579 stationum,
412 1529 457 1566 et
492 1521 783 1566 servitutum
842 1520 1020 1566 iisdem
1072 1520 1473 1569 incumbentium

74 1617 315 1663 stabiliter
342 1617 545 1679 ejectata
583 1615 940 1677 complectitur.

205 1712 396 1756 Sublato
440 1710 586 1754 etiam
619 1726 709 1771 per
758 1710 921 1772 legem
952 1711 1004 1755 in
1041 1711 1290 1774 Hungaria
1323 1713 1472 1759 variis

72 1804 426 1851 mutationibus
460 1803 672 1849 obnoxio
699 1802 1076 1866 jobbagyionatu
1098 1811 1341 1866 perpetuo
1360 1840 1373 1862 ‚
1411 1810 1470 1853 ab

73 1899 351 1944 introducta
404 1898 616 1960 benigna
671 1898 908 1944 urbariali
957 1899 1294 1961 regulatione‚
1353 1900 1472 1945 sorti

74 1993 399 2055 agricolarum
438 1992 490 2036 in
515 1992 790 2037 communis
817 1992 1159 2055 prosperitatis
1197 2011 1391 2039 causam
1419 1994 1470 2040 in

74 2103 133 2132 eo
174 2087 331 2150 gradu
368 2087 641 2131 consultum
678 2094 780 2143 est,
830 2094 920 2143 ut,
978 2103 1087 2131 cum
1116 2086 1216 2147 jam
1252 2088 1359 2149 ipsa
1391 2106 1470 2133 no-

74 2181 336 2225 menclatio
375 2180 819 2226 haereditariorum
855 2180 1098 2226 fiscalium
1136 2182 1469 2239 subditorum,

76 2290 169 2320 noc
205 2290 303 2319 non
329 2291 521 2331 eorum,
550 2276 634 2337 qui
660 2276 857 2321 servitia
896 2276 1159 2334 csakanyos
1189 2274 1316 2318 dicta
1349 2276 1469 2321 olim

72 2366 322 2423 seriatim,
375 2376 422 2412 et
458 2370 604 2432 gratis
630 2369 971 2432 praestabant,
1007 2367 1069 2411 ad
1111 2368 1307 2412 classem
1336 2369 1471 2414 abro-

75 2469 304 2524 gatorum
327 2462 478 2508 relata
501 2496 516 2520 ‚
573 2471 620 2509 et
648 2472 818 2509 cuncta
857 2461 1258 2525 jobbagyionatus
1309 2469 1471 2509 cetera

74 2555 301 2618 adjuncta
349 2557 539 2602 colonos
579 2558 855 2620 prementia
903 2558 1096 2618 penitus
1138 2554 1315 2600 abolita
1351 2556 1470 2611 sint,

75 2650 136 2694 ad
183 2666 353 2695 eorum
391 2651 587 2696 firmam
635 2650 968 2697 conditionem
992 2681 1005 2705 ,
1044 2657 1091 2694 et
1122 2649 1464 2694 subsistentiae

76 2744 387 2790 securitatem
414 2746 483 2790 nil
517 2746 616 2790 fors
660 2747 708 2791 in
745 2762 798 2790 re
830 2745 1020 2791 urbarii
1054 2745 1262 2807 amplius
1301 2745 1462 2788 deesse

77 2835 324 2897 videatur3
361 2858 505 2903 quam
529 2840 700 2887 efficax
727 2841 894 2903 legum
929 2838 1249 2887 observantia.
